1893 3246
215 98 253 137 vi
758 96 1186 137 PRAEFATIO.

215 204 388 255 cebam,
429 203 574 247 altera
613 204 826 261 anonymi
875 208 959 254 est,
999 203 1077 260 qui
1124 203 1172 246 in
1218 202 1372 246 medio
1414 202 1723 263 relinquimus

214 283 371 321 utrum
412 279 534 321 idem
576 278 654 322 ille
693 278 906 322 Zosimus
947 276 1221 322 Ascalonita
1258 279 1329 330 sit,
1373 279 1446 322 cui
1478 277 1591 324 Vita
1622 278 1719 326 De-

213 352 467 397 mosthenis
499 353 784 404 adscribitur,
814 368 873 396 an
909 352 1039 396 alius.
1110 351 1301 397 Reiskio
1333 353 1491 397 nescio
1526 369 1615 412 qua
1648 371 1719 400 ra-

212 429 338 471 tione
363 428 502 472 ducto
528 427 708 472 Libanii
735 443 833 472 esse
857 427 1115 471 videbatur.
1186 426 1380 472 Codices
1415 428 1578 474 harum
1604 431 1719 476 vita-

212 518 313 546 rum
349 504 543 561 inspecti
578 510 685 547 sunt
720 503 778 546 ab
804 502 995 547 Reiskio
1026 517 1144 546 unus
1178 507 1280 546 tum
1315 501 1716 559 Helmstadiensis,

211 578 348 622 hodie
374 578 766 637 Guelferbytanus
788 578 895 622 806.
923 576 1044 633 (H.)‚
1069 593 1193 621 nunc
1217 578 1478 622 accuratius
1506 579 1715 632 collatus,

210 669 236 698 a
259 653 478 698 Bekkero
504 660 735 712 quattuor,

277 728 336 774 A.
376 730 611 774 Romanus
636 729 893 790 Angelicus
919 728 970 773 C.
993 744 1036 788 3.
1065 744 1080 771 1
1098 744 1135 772 1.

275 805 330 850 Β.
365 805 603 850 Romanus
629 806 910 850 Barberinus
939 804 1044 863 263.

277 880 337 924 D.
375 879 591 925 Venetus
618 880 886 925 Marcianus
912 891 988 939 50.

276 955 348 998 M.
386 955 619 1000 Parisinus
643 971 786 1015 3003.

211 1030 298 1074 His
323 1031 513 1075 tertium
539 1032 772 1089 quoddam
809 1031 983 1088 subjeci
1019 1032 1077 1074 de
1113 1032 1250 1076 rebus
1274 1030 1503 1074 AEschinis
1528 1046 1719 1090 excerp-

208 1114 323 1158 tum,
349 1107 471 1164 quod
508 1107 659 1164 ipsum
686 1121 871 1164 quoque
905 1105 1094 1150 Zosimo
1119 1121 1211 1149 non
1248 1106 1492 1165 indignum
1518 1107 1716 1151 videtur.

210 1180 267 1224 Id
304 1181 361 1224 ab
386 1181 512 1225 Aldo
549 1182 748 1239 primum
786 1181 965 1225 editum
1002 1181 1175 1240 legitur
1206 1182 1253 1224 in
1290 1180 1400 1224 F.L.
1434 1182 1639 1240 aliisque,
1666 1189 1718 1227 ut

208 1257 415 1314 conjicio,
442 1257 690 1309 codicibus,
715 1256 925 1314 libroque
951 1257 1190 1308 Bernardi,
1221 1257 1308 1300 etsi
1333 1256 1434 1300 loco
1459 1257 1611 1302 alieno
1637 1273 1718 1316 po-

207 1332 347 1375 situm
364 1338 396 1374 a·

273 1406 350 1450 Ad
376 1405 671 1465 Argumenta
695 1407 955 1450 orationum
994 1408 1116 1464 quod
1153 1406 1339 1459 attinet,
1364 1422 1469 1465 quae
1504 1413 1716 1465 repetere

206 1482 345 1531 nolui,
371 1482 589 1525 orationis
618 1488 778 1525 contra
801 1481 1098 1526 Timarchum
1121 1481 1324 1526 ὑπόθεσιν
1355 1489 1603 1541 utramque
1637 1483 1716 1527 ha-

205 1557 285 1601 bet
312 1556 399 1607 M„
429 1556 558 1614 cujus
583 1557 817 1614 scripturae
842 1557 1155 1601 diversitatem
1183 1558 1424 1601 annotavit
1451 1558 1713 1610 Bekkerus,

203 1641 415 1676 neutram
441 1632 582 1675 habet
607 1631 657 1675 F.
729 1631 962 1676 Orationis
998 1633 1211 1676 secundae
1236 1631 1529 1692 Argumento
1555 1639 1715 1677 carent

203 1724 296 1752 non
320 1708 467 1752 solum
495 1708 545 1751 F.
555 1708 634 1759 M„
656 1708 734 1751 sed
755 1709 893 1751 etiam
915 1709 989 1765 qui
1016 1708 1133 1752 hanc
1159 1709 1415 1752 orationem
1440 1709 1584 1753 solam
1608 1725 1716 1754 con-

204 1785 335 1834 tinet,
363 1783 417 1826 L.
487 1782 560 1826 De
585 1782 879 1841 Argumento
905 1783 1122 1826 orationis
1154 1784 1303 1826 tertia}
1338 1782 1465 1828 EM.
1492 1784 1607 1827 nihil
1636 1784 1715 1828 ha-

203 1862 314 1905 bent
337 1866 502 1919 practer
525 1866 704 1917 partem
730 1865 1024 1917 postremam,
1050 1874 1151 1917 quae
1185 1860 1356 1903 rectius
1390 1860 1512 1903 inter
1536 1860 1711 1905 scholia

202 1936 516 1986 collocabitur,
554 1932 617 1977 sic
653 1934 895 1991 scriptam:
924 1932 1031 1976 ’Ότι
1071 1935 1092 1984 ἡ
1129 1931 1287 1980 στάσις
1322 1938 1401 1978 τοῦ
1436 1934 1578 1992 λόγου
1612 1935 1711 1979 ἐστὶ

203 2010 484 2071 πραγματικὴ
519 2009 767 2068 ἔγγραφος,
792 2007 939 2067 ὥσπερ
970 2008 1036 2051 καὶ
1067 2010 1089 2059 ἡ
1121 2010 1201 2052 τοῦ
1232 2007 1338 2070 ὑπὲρ
1369 2013 1450 2053 τοῦ
1473 2007 1713 2071 στεφάνου.

201 2085 259 2130 τὰ
285 2085 327 2130 δὲ
351 2083 568 2146 κεφάλαια
600 2082 799 2135 δηλονότι
837 2088 911 2134 τῆς
941 2088 1246 2143 πραγματικῆς
1284 2084 1472 2144 περιέχει
1502 2083 1613 2146 ἅπερ
1645 2086 1713 2129 καὶ

202 2162 294 2213 ἐκεῖ,
320 2158 407 2204 οἷον
431 2158 485 2203 τὸ
511 2159 686 2211 νόμιμον
709 2158 964 2210 τεμνόμενον
986 2159 1039 2205 εἷς
1070 2165 1184 2218 τρεῖς
1210 2158 1369 2212 νόμους,
1394 2157 1449 2203 τὸ
1481 2158 1524 2203 δὲ
1556 2159 1712 2205 δίκαιον

202 2237 256 2283 εἷς
279 2235 498 2295 τέσσαρας
521 2234 699 2295 καιρούς.
749 2233 828 2294 ὅρα
860 2232 902 2276 δὲ
929 2232 991 2289 (δὲ
1016 2249 1104 2278 0111.
1131 2235 1207 2291 F.)
1235 2237 1321 2282 πῶς
1352 2235 1608 2294 ἐπιλογικῶς
1640 2238 1713 2297 ἥρ-

257 2361 273 2381 a
296 2353 445 2388 Codicis
468 2351 621 2387 l'arisini
641 2351 683 2385 F.
708 2351 908 2397 scripturas
929 2363 1011 2386 sero
1033 2351 1079 2385 ad
1099 2363 1157 2386 me
1178 2352 1338 2398 perlatas
1365 2352 1436 2387 hoc
1455 2353 1538 2388 loco
1560 2353 1708 2389 addam.

202 2418 293 2463 Pag.
316 2426 351 2463 5,
377 2426 436 2461 14.
458 2415 514 2450 ed.
536 2427 626 2449 meae
648 2416 792 2461 ἐδυνήθη]
817 2415 946 2457 ἠδυνήθη
968 2415 1008 2450 F.
1032 2421 1144 2451 recte.
1248 2418 1534 2464 συνηγωνισμένου]
1560 2434 1709 2464 συναγω-

201 2482 368 2524 νισαμένου
387 2482 497 2513 recte.
614 2485 671 2524 15.
693 2479 874 2519 ἀναστῆναι
904 2477 974 2523 τοῦ]
1003 2481 1186 2521 ἀναστῆναι
1215 2477 1263 2513 ἔτι
1293 2485 1369 2514 τοῖς
1402 2492 1448 2515 ex
1469 2493 1541 2527 quo
1562 2493 1711 2528 corrup-

201 2552 279 2581 tum
302 2542 399 2589 quod
420 2554 465 2576 ex
486 2541 526 2575 L.
552 2540 726 2575 amiotavi
751 2543 931 2583 ἀναστῆναι
962 2544 989 2575 εἶ
1017 2546 1070 2576 τοῦ
1183 2554 1243 2578 21.
1264 2543 1481 2590 χρησαμένου]
1506 2544 1712 2591 χρησαμένων

200 2609 290 2654 Pag.
314 2606 349 2646 6,
372 2616 406 2650 3.
428 2605 687 2639 ’παιδεύων-τὸν
708 2604 816 2649 λόγον]
841 2606 980 2639 παιδεύει
1004 2620 1040 2639 τε
1065 2608 1135 2647 τοὺς
1153 2607 1242 2647 νέους.
1274 2608 1329 2641 καὶ
1350 2611 1412 2647 τοῖς
1433 2608 1632 2655 τελειοτέρῡις
1650 2611 1707 2642 ἀν-

200 2674 308 2718 δράσιν
329 2669 551 2714 ἀναγινώσκων
572 2667 623 2701 τὸν
644 2667 754 2712 λόγους
788 2679 895 2712 quam
917 2668 1137 2715 scripturam
1165 2670 1194 2704 si
1223 2669 1323 2716 prius
1351 2669 1540 2716 cognitam
1560 2671 1707 2706 habuis-

200 2747 288 2773 sem,
316 2744 391 2766 non
422 2729 648 2776 scripsissem
674 2732 742 2769 τοίς
771 2730 976 2777 τελειοτέρους
1005 2744 1089 2766 cum
1119 2731 1295 2780 Sauppio.
1414 2745 1471 2768 10.
1502 2733 1584 2781 εὗρεν
1619 2735 1702 2780 ἐκεῖ]

199 2801 302 2831 ἐκεῖσε
324 2794 404 2841 εὗρεν
426 2799 535 2828 reete.
641 2803 695 2836 14.
715 2793 801 2838 φασὶ
822 2792 944 2833 habet,
969 2800 1006 2829 ut
1028 2796 1218 2831 Bckkerus
1239 2797 1385 2844 scripsit
1404 2809 1471 2843 pro
1490 2798 1584 2845 φησι,
1607 2797 1702 2845 quo]

201 2865 254 2893 est
276 2858 311 2892 in
333 2857 421 2892 BJJ.
539 2856 592 2890 18.
615 2856 668 2889 καὶ
690 2860 773 2889 ante
795 2856 905 2903 εὐφυὲς
925 2870 996 2891 om.
