<?xml version="1.0" encoding="UTF-8"?>
<!DOCTYPE html PUBLIC "-//W3C//DTD XHTML 1.0 Transitional//EN"
    "http://www.w3.org/TR/xhtml1/DTD/xhtml1-transitional.dtd">
<html xmlns="http://www.w3.org/1999/xhtml" xml:lang="en" lang="en">
 <head>
  <title>
</title>
<meta http-equiv="Content-Type" content="text/html;charset=utf-8" />
  <meta name='ocr-system' content='tesseract 3.04.00' />
  <meta name='ocr-capabilities' content='ocr_page ocr_carea ocr_par ocr_line ocrx_word'/>
</head>
<body>
  <div class='ocr_page' id='page_1' title='image "./scholiagraecaina00dinduoft_0148.png"; bbox 0 0 1950 3205; ppageno 0'>
   <div class='ocr_carea' id='block_1_1' title="bbox 816 300 1257 354">
    <p class='ocr_par' dir='ltr' id='par_1_1' title="bbox 816 300 1257 354">
     <span class='ocr_line' id='line_1_1' title="bbox 816 300 1257 354; baseline 0.011 -10"><span class='ocrx_word' id='word_1_1' title='bbox 816 300 1257 354; x_wconf 73' lang='lat' dir='ltr'>vADDENDA</span> 
     </span>
    </p>
   </div>
   <div class='ocr_carea' id='block_1_2' title="bbox 601 431 1482 469">
    <p class='ocr_par' dir='ltr' id='par_1_2' title="bbox 601 431 1482 469">
     <span class='ocr_line' id='line_1_2' title="bbox 601 431 1482 469; baseline 0.003 -3"><span class='ocrx_word' id='word_1_2' title='bbox 601 432 673 466; x_wconf 85' lang='lat' dir='ltr'>AD</span> <span class='ocrx_word' id='word_1_3' title='bbox 703 431 934 468; x_wconf 84' lang='lat' dir='ltr'>SCHOLIA</span> <span class='ocrx_word' id='word_1_4' title='bbox 964 432 1023 467; x_wconf 93' lang='lat' dir='ltr'>IN</span> <span class='ocrx_word' id='word_1_5' title='bbox 1054 432 1482 469; x_wconf 83' lang='lat' dir='ltr'>DEMOSTHENEM.</span> 
     </span>
    </p>
   </div>
   <div class='ocr_carea' id='block_1_3' title="bbox 281 633 1797 2779">
    <p class='ocr_par' dir='ltr' id='par_1_3' title="bbox 284 633 1797 811">
     <span class='ocr_line' id='line_1_3' title="bbox 340 633 1797 684; baseline 0.003 -16"><span class='ocrx_word' id='word_1_6' title='bbox 340 633 398 668; x_wconf 91' lang='lat' dir='ltr'>IN</span> <span class='ocrx_word' id='word_1_7' title='bbox 429 633 577 669; x_wconf 84' lang='lat' dir='ltr'>scholiis</span> <span class='ocrx_word' id='word_1_8' title='bbox 606 633 653 669; x_wconf 88' lang='lat' dir='ltr'>ad</span> <span class='ocrx_word' id='word_1_9' title='bbox 678 634 972 669; x_wconf 79' lang='lat' dir='ltr'>Demosthenem</span> <span class='ocrx_word' id='word_1_10' title='bbox 1001 647 1121 682; x_wconf 82' lang='lat' dir='ltr'>nuper</span> <span class='ocrx_word' id='word_1_11' title='bbox 1150 635 1195 670; x_wconf 82' lang='lat' dir='ltr'>ab</span> <span class='ocrx_word' id='word_1_12' title='bbox 1226 647 1284 670; x_wconf 90' lang='lat' dir='ltr'>me</span> <span class='ocrx_word' id='word_1_13' title='bbox 1314 635 1436 677; x_wconf 88' lang='lat' dir='ltr'>editis,</span> <span class='ocrx_word' id='word_1_14' title='bbox 1466 636 1585 672; x_wconf 85' lang='lat' dir='ltr'>donec</span> <span class='ocrx_word' id='word_1_15' title='bbox 1615 637 1797 684; x_wconf 83' lang='lat' dir='ltr'>ampliora</span> 
     </span>
     <span class='ocr_line' id='line_1_4' title="bbox 287 697 1793 748; baseline 0.003 -17"><span class='ocrx_word' id='word_1_16' title='bbox 287 709 398 743; x_wconf 90' lang='lat' dir='ltr'>quum</span> <span class='ocrx_word' id='word_1_17' title='bbox 429 697 474 732; x_wconf 83' lang='lat' dir='ltr'>ad</span> <span class='ocrx_word' id='word_1_18' title='bbox 504 697 645 732; x_wconf 88' lang='lat' dir='ltr'>scholia</span> <span class='ocrx_word' id='word_1_19' title='bbox 671 703 750 733; x_wconf 89' lang='lat' dir='ltr'>tum</span> <span class='ocrx_word' id='word_1_20' title='bbox 778 698 824 732; x_wconf 87' lang='lat' dir='ltr'>ad</span> <span class='ocrx_word' id='word_1_21' title='bbox 849 698 1098 733; x_wconf 86' lang='lat' dir='ltr'>recentiorum</span> <span class='ocrx_word' id='word_1_22' title='bbox 1119 698 1365 746; x_wconf 84' lang='lat' dir='ltr'>interpretum</span> <span class='ocrx_word' id='word_1_23' title='bbox 1387 701 1675 736; x_wconf 82' lang='lat' dir='ltr'>commentarios</span> <span class='ocrx_word' id='word_1_24' title='bbox 1697 700 1793 748; x_wconf 88' lang='lat' dir='ltr'>Sup-</span> 
     </span>
     <span class='ocr_line' id='line_1_5' title="bbox 284 760 1767 811; baseline 0.003 -16"><span class='ocrx_word' id='word_1_25' title='bbox 284 760 471 807; x_wconf 88' lang='lat' dir='ltr'>plementa</span> <span class='ocrx_word' id='word_1_26' title='bbox 489 773 758 808; x_wconf 65' lang='lat' dir='ltr'>praeparavero,</span> <span class='ocrx_word' id='word_1_27' title='bbox 781 761 862 796; x_wconf 89' lang='lat' dir='ltr'>haec</span> <span class='ocrx_word' id='word_1_28' title='bbox 881 760 940 795; x_wconf 89' lang='lat' dir='ltr'>vel</span> <span class='ocrx_word' id='word_1_29' title='bbox 960 761 1045 796; x_wconf 82' lang='lat' dir='ltr'>addi</span> <span class='ocrx_word' id='word_1_30' title='bbox 1066 761 1123 796; x_wconf 84' lang='lat' dir='ltr'>vel</span> <span class='ocrx_word' id='word_1_31' title='bbox 1143 761 1279 809; x_wconf 86' lang='lat' dir='ltr'>corrigi</span> <span class='ocrx_word' id='word_1_32' title='bbox 1298 762 1407 798; x_wconf 86' lang='lat' dir='ltr'>velim</span> <span class='ocrx_word' id='word_1_33' title='bbox 1431 775 1511 810; x_wconf 86' lang='lat' dir='ltr'>quae</span> <span class='ocrx_word' id='word_1_34' title='bbox 1532 763 1628 799; x_wconf 86' lang='lat' dir='ltr'>infra</span> <span class='ocrx_word' id='word_1_35' title='bbox 1648 764 1767 811; x_wconf 87' lang='lat' dir='ltr'>posui.</span> 
     </span>
    </p>

    <p class='ocr_par' dir='ltr' id='par_1_4' title="bbox 285 824 1796 923">
     <span class='ocr_line' id='line_1_6' title="bbox 338 824 1796 874; baseline 0.002 -15"><span class='ocrx_word' id='word_1_36' title='bbox 338 824 486 860; x_wconf 72' lang='lat' dir='ltr'>Praefat.</span> <span class='ocrx_word' id='word_1_37' title='bbox 518 837 554 871; x_wconf 90' lang='lat' dir='ltr'>p.</span> <span class='ocrx_word' id='word_1_38' title='bbox 577 825 639 860; x_wconf 89' lang='lat' dir='ltr'>xii.</span> <span class='ocrx_word' id='word_1_39' title='bbox 669 824 734 860; x_wconf 88' lang='lat' dir='ltr'>lin.</span> <span class='ocrx_word' id='word_1_40' title='bbox 759 836 818 860; x_wconf 86' lang='lat'>22.</span> <span class='ocrx_word' id='word_1_41' title='bbox 850 824 974 859; x_wconf 81' lang='lat' dir='ltr'>seculo</span> <span class='ocrx_word' id='word_1_42' title='bbox 1005 830 1136 871; x_wconf 88' lang='lat' dir='ltr'>quarto</span> <span class='ocrx_word' id='word_1_43' title='bbox 1165 824 1307 871; x_wconf 89' lang='lat' dir='ltr'>medio]</span> <span class='ocrx_word' id='word_1_44' title='bbox 1343 827 1484 873; x_wconf 74' lang='lat' dir='ltr'>corriqe</span> <span class='ocrx_word' id='word_1_45' title='bbox 1512 827 1637 862; x_wconf 81' lang='lat' dir='ltr'>seculo</span> <span class='ocrx_word' id='word_1_46' title='bbox 1667 827 1796 874; x_wconf 90' lang='lat' dir='ltr'>quinto</span> 
     </span>
     <span class='ocr_line' id='line_1_7' title="bbox 285 893 456 923; baseline 0.006 -1"><span class='ocrx_word' id='word_1_47' title='bbox 285 893 456 923; x_wconf 83' lang='lat' dir='ltr'>exeunte.</span> 
     </span>
    </p>

    <p class='ocr_par' dir='ltr' id='par_1_5' title="bbox 339 951 1070 999">
     <span class='ocr_line' id='line_1_8' title="bbox 339 951 1070 999; baseline 0.001 -14"><span class='ocrx_word' id='word_1_48' title='bbox 339 951 428 998; x_wconf 83' lang='lat' dir='ltr'>Pag.</span> <span class='ocrx_word' id='word_1_49' title='bbox 453 960 513 998; x_wconf 76' lang='lat'>79,</span> <span class='ocrx_word' id='word_1_50' title='bbox 531 963 569 997; x_wconf 83' lang='lat'>4.</span> <span class='ocrx_word' id='word_1_51' title='bbox 590 951 747 999; x_wconf 72' lang='grc' dir='ltr'>δευτέρου]</span> <span class='ocrx_word' id='word_1_52' title='bbox 781 951 885 986; x_wconf 84' lang='lat' dir='ltr'>Adde</span> <span class='ocrx_word' id='word_1_53' title='bbox 905 954 1070 997; x_wconf 78' lang='grc' dir='ltr'>προοιμίου.</span> 
     </span>
    </p>

    <p class='ocr_par' dir='ltr' id='par_1_6' title="bbox 283 1014 1797 1185">
     <span class='ocr_line' id='line_1_9' title="bbox 341 1014 1797 1060; baseline 0.003 -12"><span class='ocrx_word' id='word_1_54' title='bbox 341 1014 402 1060; x_wconf 82' lang='grc'>84,</span> <span class='ocrx_word' id='word_1_55' title='bbox 428 1026 488 1049; x_wconf 85' lang='grc' dir='ltr'>2ο.</span> <span class='ocrx_word' id='word_1_56' title='bbox 520 1014 652 1060; x_wconf 77' lang='grc' dir='ltr'>σώσειν]</span> <span class='ocrx_word' id='word_1_57' title='bbox 684 1016 884 1060; x_wconf 65' lang='grc' dir='ltr'>παραδώσειν</span> <span class='ocrx_word' id='word_1_58' title='bbox 913 1015 1105 1050; x_wconf 89' lang='lat' dir='ltr'>Arnoldus</span> <span class='ocrx_word' id='word_1_59' title='bbox 1137 1014 1358 1051; x_wconf 81' lang='lat' dir='ltr'>Schaeferus.</span> <span class='ocrx_word' id='word_1_60' title='bbox 1426 1016 1533 1051; x_wconf 88' lang='lat' dir='ltr'>Idem</span> <span class='ocrx_word' id='word_1_61' title='bbox 1563 1028 1622 1051; x_wconf 85' lang='lat' dir='ltr'>me</span> <span class='ocrx_word' id='word_1_62' title='bbox 1652 1017 1797 1052; x_wconf 87' lang='lat' dir='ltr'>monuit</span> 
     </span>
     <span class='ocr_line' id='line_1_10' title="bbox 284 1079 1795 1127; baseline 0.003 -16"><span class='ocrx_word' id='word_1_63' title='bbox 284 1089 318 1123; x_wconf 91' lang='lat' dir='ltr'>p.</span> <span class='ocrx_word' id='word_1_64' title='bbox 339 1088 426 1122; x_wconf 84' lang='lat'>134,</span> <span class='ocrx_word' id='word_1_65' title='bbox 444 1088 480 1123; x_wconf 85' lang='lat'>3.</span> <span class='ocrx_word' id='word_1_66' title='bbox 501 1080 597 1112; x_wconf 70' lang='grc' dir='ltr'>αὐτοῦ</span> <span class='ocrx_word' id='word_1_67' title='bbox 618 1082 832 1123; x_wconf 89' lang='lat' dir='ltr'>corruptum</span> <span class='ocrx_word' id='word_1_68' title='bbox 854 1090 934 1113; x_wconf 85' lang='lat' dir='ltr'>esse</span> <span class='ocrx_word' id='word_1_69' title='bbox 955 1091 1001 1114; x_wconf 85' lang='lat' dir='ltr'>ex</span> <span class='ocrx_word' id='word_1_70' title='bbox 1023 1080 1149 1114; x_wconf 80' lang='grc' dir='ltr'>ναύτου.</span> <span class='ocrx_word' id='word_1_71' title='bbox 1203 1079 1248 1114; x_wconf 90' lang='lat' dir='ltr'>Id</span> <span class='ocrx_word' id='word_1_72' title='bbox 1268 1079 1412 1114; x_wconf 86' lang='lat' dir='ltr'>restitui</span> <span class='ocrx_word' id='word_1_73' title='bbox 1434 1084 1582 1127; x_wconf 83' lang='lat' dir='ltr'>poterat</span> <span class='ocrx_word' id='word_1_74' title='bbox 1602 1092 1648 1115; x_wconf 82' lang='lat' dir='ltr'>ex</span> <span class='ocrx_word' id='word_1_75' title='bbox 1670 1080 1795 1116; x_wconf 80' lang='lat' dir='ltr'>Suidae</span> 
     </span>
     <span class='ocr_line' id='line_1_11' title="bbox 283 1139 1300 1185; baseline 0.003 -11"><span class='ocrx_word' id='word_1_76' title='bbox 283 1139 486 1180; x_wconf 76' lang='lat' dir='ltr'>notatione,</span> <span class='ocrx_word' id='word_1_77' title='bbox 508 1142 670 1185; x_wconf 74' lang='grc' dir='ltr'>Δημάδης,</span> <span class='ocrx_word' id='word_1_78' title='bbox 693 1141 818 1184; x_wconf 76' lang='grc' dir='ltr'>Δημέου</span> <span class='ocrx_word' id='word_1_79' title='bbox 838 1144 961 1181; x_wconf 69' lang='grc' dir='ltr'>ναύτου,</span> <span class='ocrx_word' id='word_1_80' title='bbox 985 1143 1099 1184; x_wconf 68' lang='grc' dir='ltr'>ναύτης</span> <span class='ocrx_word' id='word_1_81' title='bbox 1117 1143 1173 1176; x_wconf 71' lang='grc' dir='ltr'>καὶ</span> <span class='ocrx_word' id='word_1_82' title='bbox 1194 1143 1300 1183; x_wconf 76' lang='grc' dir='ltr'>αὐτός.</span> 
     </span>
    </p>

    <p class='ocr_par' dir='ltr' id='par_1_7' title="bbox 285 1203 1796 1313">
     <span class='ocr_line' id='line_1_12' title="bbox 344 1203 1796 1252; baseline 0.003 -15"><span class='ocrx_word' id='word_1_83' title='bbox 344 1213 428 1250; x_wconf 82' lang='lat'>105,</span> <span class='ocrx_word' id='word_1_84' title='bbox 452 1215 510 1238; x_wconf 87' lang='lat'>10.</span> <span class='ocrx_word' id='word_1_85' title='bbox 532 1204 576 1248; x_wconf 68' lang='grc' dir='ltr'>μὴ</span> <span class='ocrx_word' id='word_1_86' title='bbox 597 1206 706 1238; x_wconf 76' lang='grc' dir='ltr'>δίκαια</span> <span class='ocrx_word' id='word_1_87' title='bbox 725 1203 857 1238; x_wconf 88' lang='lat' dir='ltr'>vitiose</span> <span class='ocrx_word' id='word_1_88' title='bbox 887 1203 1064 1250; x_wconf 83' lang='lat' dir='ltr'>scriptum</span> <span class='ocrx_word' id='word_1_89' title='bbox 1087 1216 1167 1239; x_wconf 84' lang='lat' dir='ltr'>esse</span> <span class='ocrx_word' id='word_1_90' title='bbox 1188 1217 1254 1252; x_wconf 91' lang='lat' dir='ltr'>pro</span> <span class='ocrx_word' id='word_1_91' title='bbox 1278 1207 1408 1248; x_wconf 77' lang='grc' dir='ltr'>Μηδικά</span> <span class='ocrx_word' id='word_1_92' title='bbox 1436 1217 1554 1252; x_wconf 84' lang='lat' dir='ltr'>nuper</span> <span class='ocrx_word' id='word_1_93' title='bbox 1575 1205 1719 1241; x_wconf 84' lang='lat' dir='ltr'>monuit</span> <span class='ocrx_word' id='word_1_94' title='bbox 1740 1206 1796 1241; x_wconf 87' lang='lat' dir='ltr'>vir</span> 
     </span>
     <span class='ocr_line' id='line_1_13' title="bbox 285 1266 1185 1313; baseline 0.002 -13"><span class='ocrx_word' id='word_1_95' title='bbox 285 1266 416 1301; x_wconf 82' lang='lat' dir='ltr'>doctus</span> <span class='ocrx_word' id='word_1_96' title='bbox 437 1266 474 1300; x_wconf 89' lang='lat' dir='ltr'>in</span> <span class='ocrx_word' id='word_1_97' title='bbox 497 1266 748 1312; x_wconf 86' lang='lat' dir='ltr'>Ephemeride</span> <span class='ocrx_word' id='word_1_98' title='bbox 770 1266 929 1313; x_wconf 80' lang='lat' dir='ltr'>quadam</span> <span class='ocrx_word' id='word_1_99' title='bbox 951 1266 1185 1302; x_wconf 83' lang='lat' dir='ltr'>Germanica.</span> 
     </span>
    </p>

    <p class='ocr_par' dir='ltr' id='par_1_8' title="bbox 344 1328 1123 1375">
     <span class='ocr_line' id='line_1_14' title="bbox 344 1328 1123 1375; baseline 0.001 -11"><span class='ocrx_word' id='word_1_100' title='bbox 344 1339 427 1369; x_wconf 64' lang='lat'>³22,</span> <span class='ocrx_word' id='word_1_101' title='bbox 449 1341 480 1364; x_wconf 94' lang='lat'>1.</span> <span class='ocrx_word' id='word_1_102' title='bbox 504 1329 662 1375; x_wconf 72' lang='grc' dir='ltr'>ἐνταῦθα]</span> <span class='ocrx_word' id='word_1_103' title='bbox 698 1328 945 1365; x_wconf 83' lang='lat' dir='ltr'>Scribendum</span> <span class='ocrx_word' id='word_1_104' title='bbox 967 1332 1123 1365; x_wconf 72' lang='grc' dir='ltr'>ἐντεῦθεν.</span> 
     </span>
    </p>

    <p class='ocr_par' dir='ltr' id='par_1_9' title="bbox 281 1393 1795 1504">
     <span class='ocr_line' id='line_1_15' title="bbox 340 1393 1795 1444; baseline 0.003 -17"><span class='ocrx_word' id='word_1_105' title='bbox 340 1404 427 1432; x_wconf 82' lang='lat'>202,</span> <span class='ocrx_word' id='word_1_106' title='bbox 454 1403 512 1438; x_wconf 87' lang='grc'>27.</span> <span class='ocrx_word' id='word_1_107' title='bbox 545 1393 579 1426; x_wconf 78' lang='lat' dir='ltr'>in</span> <span class='ocrx_word' id='word_1_108' title='bbox 610 1398 728 1428; x_wconf 75' lang='lat' dir='ltr'>annot.</span> <span class='ocrx_word' id='word_1_109' title='bbox 759 1405 896 1427; x_wconf 86' lang='lat' dir='ltr'>nomen</span> <span class='ocrx_word' id='word_1_110' title='bbox 926 1393 1134 1439; x_wconf 88' lang='lat' dir='ltr'>proprium]</span> <span class='ocrx_word' id='word_1_111' title='bbox 1166 1393 1264 1441; x_wconf 70' lang='lat' dir='ltr'>Leqe</span> <span class='ocrx_word' id='word_1_112' title='bbox 1290 1407 1427 1431; x_wconf 87' lang='lat' dir='ltr'>nomen</span> <span class='ocrx_word' id='word_1_113' title='bbox 1462 1395 1664 1443; x_wconf 86' lang='lat' dir='ltr'>proprium,</span> <span class='ocrx_word' id='word_1_114' title='bbox 1696 1397 1795 1444; x_wconf 86' lang='lat' dir='ltr'>quod</span> 
     </span>
     <span class='ocr_line' id='line_1_16' title="bbox 281 1456 1328 1504; baseline 0.003 -14"><span class='ocrx_word' id='word_1_115' title='bbox 281 1457 407 1502; x_wconf 80' lang='grc' dir='ltr'>Ἑρμίου</span> <span class='ocrx_word' id='word_1_116' title='bbox 426 1468 506 1490; x_wconf 81' lang='lat' dir='ltr'>esse</span> <span class='ocrx_word' id='word_1_117' title='bbox 528 1461 675 1491; x_wconf 84' lang='lat' dir='ltr'>constat</span> <span class='ocrx_word' id='word_1_118' title='bbox 696 1468 742 1491; x_wconf 82' lang='lat' dir='ltr'>ex</span> <span class='ocrx_word' id='word_1_119' title='bbox 764 1456 1063 1503; x_wconf 81' lang='lat' dir='ltr'>Harpocratione</span> <span class='ocrx_word' id='word_1_120' title='bbox 1084 1469 1112 1492; x_wconf 86' lang='lat' dir='ltr'>s.</span> <span class='ocrx_word' id='word_1_121' title='bbox 1127 1469 1162 1492; x_wconf 84' lang='lat' dir='ltr'>v.</span> <span class='ocrx_word' id='word_1_122' title='bbox 1184 1460 1328 1504; x_wconf 80' lang='grc' dir='ltr'>Ἑρμίας.</span> 
     </span>
    </p>

    <p class='ocr_par' dir='ltr' id='par_1_10' title="bbox 336 1519 1320 1567">
     <span class='ocr_line' id='line_1_17' title="bbox 336 1519 1320 1567; baseline 0.002 -14"><span class='ocrx_word' id='word_1_123' title='bbox 336 1530 426 1566; x_wconf 71' lang='grc'><strong>313,</strong></span> <span class='ocrx_word' id='word_1_124' title='bbox 447 1529 506 1564; x_wconf 89' lang='grc'>27.</span> <span class='ocrx_word' id='word_1_125' title='bbox 530 1520 564 1553; x_wconf 76' lang='lat' dir='ltr'>in</span> <span class='ocrx_word' id='word_1_126' title='bbox 585 1525 701 1554; x_wconf 75' lang='grc' dir='ltr'>αηηοί.</span> <span class='ocrx_word' id='word_1_127' title='bbox 724 1531 797 1555; x_wconf 89' lang='lat' dir='ltr'>om.</span> <span class='ocrx_word' id='word_1_128' title='bbox 821 1519 931 1565; x_wconf 86' lang='lat' dir='ltr'>B.T.]</span> <span class='ocrx_word' id='word_1_129' title='bbox 967 1520 1117 1567; x_wconf 75' lang='lat' dir='ltr'>Corriye</span> <span class='ocrx_word' id='word_1_130' title='bbox 1137 1533 1210 1555; x_wconf 88' lang='lat' dir='ltr'>om.</span> <span class='ocrx_word' id='word_1_131' title='bbox 1231 1521 1320 1555; x_wconf 73' lang='lat' dir='ltr'>RF.</span> 
     </span>
    </p>

    <p class='ocr_par' dir='ltr' id='par_1_11' title="bbox 337 1580 1752 1629">
     <span class='ocr_line' id='line_1_18' title="bbox 337 1580 1752 1629; baseline 0.004 -13"><span class='ocrx_word' id='word_1_132' title='bbox 337 1593 426 1628; x_wconf 78' lang='lat'>414,</span> <span class='ocrx_word' id='word_1_133' title='bbox 443 1594 479 1627; x_wconf 83' lang='lat'>4.</span> <span class='ocrx_word' id='word_1_134' title='bbox 502 1583 700 1629; x_wconf 69' lang='grc' dir='ltr'>προσιέμενον</span> <span class='ocrx_word' id='word_1_135' title='bbox 719 1580 825 1628; x_wconf 79' lang='grc' dir='ltr'>ξένια]</span> <span class='ocrx_word' id='word_1_136' title='bbox 851 1583 1004 1618; x_wconf 76' lang='lat' dir='ltr'>Inverso</span> <span class='ocrx_word' id='word_1_137' title='bbox 1026 1583 1155 1618; x_wconf 86' lang='lat' dir='ltr'>ordine</span> <span class='ocrx_word' id='word_1_138' title='bbox 1174 1596 1250 1619; x_wconf 86' lang='lat' dir='ltr'>non</span> <span class='ocrx_word' id='word_1_139' title='bbox 1271 1584 1391 1619; x_wconf 87' lang='lat' dir='ltr'>solum</span> <span class='ocrx_word' id='word_1_140' title='bbox 1413 1584 1465 1626; x_wconf 65' lang='lat' dir='ltr'>S..</span> <span class='ocrx_word' id='word_1_141' title='bbox 1490 1586 1554 1621; x_wconf 87' lang='lat' dir='ltr'>sed</span> <span class='ocrx_word' id='word_1_142' title='bbox 1576 1585 1687 1621; x_wconf 85' lang='lat' dir='ltr'>etiam</span> <span class='ocrx_word' id='word_1_143' title='bbox 1709 1586 1752 1622; x_wconf 90' lang='lat' dir='ltr'>L.</span> 
     </span>
    </p>

    <p class='ocr_par' dir='ltr' id='par_1_12' title="bbox 282 1646 1792 1756">
     <span class='ocr_line' id='line_1_19' title="bbox 336 1646 1792 1696; baseline 0.005 -17"><span class='ocrx_word' id='word_1_144' title='bbox 336 1656 426 1689; x_wconf 86' lang='grc'>422,</span> <span class='ocrx_word' id='word_1_145' title='bbox 448 1658 507 1680; x_wconf 80' lang='grc' dir='ltr'>2ο.</span> <span class='ocrx_word' id='word_1_146' title='bbox 534 1657 592 1680; x_wconf 89' lang='lat'>21.</span> <span class='ocrx_word' id='word_1_147' title='bbox 624 1646 792 1681; x_wconf 80' lang='lat' dir='ltr'>scholion</span> <span class='ocrx_word' id='word_1_148' title='bbox 819 1652 876 1682; x_wconf 82' lang='lat' dir='ltr'>est</span> <span class='ocrx_word' id='word_1_149' title='bbox 906 1648 1017 1682; x_wconf 82' lang='lat' dir='ltr'>etiam</span> <span class='ocrx_word' id='word_1_150' title='bbox 1039 1647 1074 1682; x_wconf 89' lang='lat' dir='ltr'>in</span> <span class='ocrx_word' id='word_1_151' title='bbox 1095 1647 1154 1688; x_wconf 74' lang='lat' dir='ltr'>L,</span> <span class='ocrx_word' id='word_1_152' title='bbox 1178 1648 1242 1682; x_wconf 87' lang='lat' dir='ltr'>sed</span> <span class='ocrx_word' id='word_1_153' title='bbox 1271 1648 1308 1683; x_wconf 90' lang='lat' dir='ltr'>in</span> <span class='ocrx_word' id='word_1_154' title='bbox 1338 1660 1458 1696; x_wconf 84' lang='lat' dir='ltr'>marg.</span> <span class='ocrx_word' id='word_1_155' title='bbox 1480 1661 1501 1684; x_wconf 85' lang='lat' dir='ltr'>a</span> <span class='ocrx_word' id='word_1_156' title='bbox 1521 1661 1635 1685; x_wconf 80' lang='lat' dir='ltr'>manu</span> <span class='ocrx_word' id='word_1_157' title='bbox 1663 1662 1792 1686; x_wconf 87' lang='lat' dir='ltr'>recen-</span> 
     </span>
     <span class='ocr_line' id='line_1_20' title="bbox 282 1710 811 1756; baseline 0.002 -12"><span class='ocrx_word' id='word_1_158' title='bbox 282 1710 375 1745; x_wconf 83' lang='lat' dir='ltr'>tiore</span> <span class='ocrx_word' id='word_1_159' title='bbox 392 1724 398 1745; x_wconf 87' lang='lat'>:</span> <span class='ocrx_word' id='word_1_160' title='bbox 431 1710 493 1756; x_wconf 87' lang='lat' dir='ltr'>qui</span> <span class='ocrx_word' id='word_1_161' title='bbox 513 1713 611 1752; x_wconf 71' lang='grc' dir='ltr'>αὐτῆς</span> <span class='ocrx_word' id='word_1_162' title='bbox 631 1713 686 1752; x_wconf 72' lang='grc' dir='ltr'>τῆς</span> <span class='ocrx_word' id='word_1_163' title='bbox 705 1715 745 1745; x_wconf 86' lang='lat' dir='ltr'>ut</span> <span class='ocrx_word' id='word_1_164' title='bbox 766 1711 811 1745; x_wconf 90' lang='lat' dir='ltr'>A.</span> 
     </span>
    </p>

    <p class='ocr_par' dir='ltr' id='par_1_13' title="bbox 335 1771 1660 1822">
     <span class='ocr_line' id='line_1_21' title="bbox 335 1771 1660 1822; baseline 0.005 -16"><span class='ocrx_word' id='word_1_165' title='bbox 335 1783 425 1819; x_wconf 85' lang='lat'>425,</span> <span class='ocrx_word' id='word_1_166' title='bbox 444 1773 504 1807; x_wconf 85' lang='lat'>26.</span> <span class='ocrx_word' id='word_1_167' title='bbox 525 1771 812 1820; x_wconf 74' lang='grc' dir='ltr'>οῖον-ἕλκεσθαι]</span> <span class='ocrx_word' id='word_1_168' title='bbox 839 1773 930 1809; x_wconf 84' lang='lat' dir='ltr'>Haec</span> <span class='ocrx_word' id='word_1_169' title='bbox 952 1775 1065 1810; x_wconf 82' lang='lat' dir='ltr'>verba</span> <span class='ocrx_word' id='word_1_170' title='bbox 1085 1780 1121 1810; x_wconf 84' lang='lat' dir='ltr'>et</span> <span class='ocrx_word' id='word_1_171' title='bbox 1142 1785 1234 1822; x_wconf 84' lang='lat'>439,</span> <span class='ocrx_word' id='word_1_172' title='bbox 1254 1786 1367 1821; x_wconf 85' lang='lat'>2—5.</span> <span class='ocrx_word' id='word_1_173' title='bbox 1389 1775 1501 1810; x_wconf 85' lang='lat' dir='ltr'>habet</span> <span class='ocrx_word' id='word_1_174' title='bbox 1522 1775 1564 1811; x_wconf 95' lang='lat' dir='ltr'>L.</span> <span class='ocrx_word' id='word_1_175' title='bbox 1585 1788 1660 1812; x_wconf 89' lang='lat' dir='ltr'>rec.</span> 
     </span>
    </p>

    <p class='ocr_par' dir='ltr' id='par_1_14' title="bbox 282 1836 1794 1998">
     <span class='ocr_line' id='line_1_22' title="bbox 334 1836 1794 1887; baseline 0.003 -17"><span class='ocrx_word' id='word_1_176' title='bbox 334 1844 425 1883; x_wconf 85' lang='lat'>427,</span> <span class='ocrx_word' id='word_1_177' title='bbox 444 1844 613 1883; x_wconf 81' lang='lat'>21—25.</span> <span class='ocrx_word' id='word_1_178' title='bbox 645 1836 770 1872; x_wconf 80' lang='lat' dir='ltr'>Habet</span> <span class='ocrx_word' id='word_1_179' title='bbox 790 1837 833 1872; x_wconf 88' lang='lat' dir='ltr'>L.</span> <span class='ocrx_word' id='word_1_180' title='bbox 855 1849 945 1880; x_wconf 59' lang='lat' dir='ltr'>rec„</span> <span class='ocrx_word' id='word_1_181' title='bbox 967 1837 1032 1873; x_wconf 90' lang='lat' dir='ltr'>ubi</span> <span class='ocrx_word' id='word_1_182' title='bbox 1050 1838 1115 1873; x_wconf 88' lang='lat' dir='ltr'>lin.</span> <span class='ocrx_word' id='word_1_183' title='bbox 1136 1850 1198 1873; x_wconf 87' lang='lat'>21.</span> <span class='ocrx_word' id='word_1_184' title='bbox 1222 1850 1288 1885; x_wconf 92' lang='lat' dir='ltr'>pro</span> <span class='ocrx_word' id='word_1_185' title='bbox 1308 1839 1374 1886; x_wconf 66' lang='grc' dir='ltr'>περὶ</span> <span class='ocrx_word' id='word_1_186' title='bbox 1395 1840 1587 1886; x_wconf 73' lang='grc' dir='ltr'>κατηγορίας</span> <span class='ocrx_word' id='word_1_187' title='bbox 1616 1839 1794 1887; x_wconf 85' lang='lat' dir='ltr'>scriptum</span> 
     </span>
     <span class='ocr_line' id='line_1_23' title="bbox 282 1899 1792 1951; baseline 0.004 -18"><span class='ocrx_word' id='word_1_188' title='bbox 282 1904 467 1947; x_wconf 71' lang='grc' dir='ltr'>κατηγορεῖν</span> <span class='ocrx_word' id='word_1_189' title='bbox 491 1905 527 1934; x_wconf 80' lang='lat' dir='ltr'>et</span> <span class='ocrx_word' id='word_1_190' title='bbox 556 1899 619 1934; x_wconf 79' lang='lat' dir='ltr'>lin.</span> <span class='ocrx_word' id='word_1_191' title='bbox 643 1911 700 1935; x_wconf 85' lang='lat'>22.</span> <span class='ocrx_word' id='word_1_192' title='bbox 734 1901 787 1934; x_wconf 68' lang='grc' dir='ltr'>καὶ</span> <span class='ocrx_word' id='word_1_193' title='bbox 817 1900 886 1947; x_wconf 65' lang='grc' dir='ltr'>πρὶς</span> <span class='ocrx_word' id='word_1_194' title='bbox 915 1901 1026 1935; x_wconf 61' lang='lat' dir='ltr'>{aurbu</span> <span class='ocrx_word' id='word_1_195' title='bbox 1056 1901 1256 1948; x_wconf 77' lang='grc' dir='ltr'>λογίσασθαι</span> <span class='ocrx_word' id='word_1_196' title='bbox 1286 1914 1354 1948; x_wconf 78' lang='lat' dir='ltr'>pro</span> <span class='ocrx_word' id='word_1_197' title='bbox 1383 1902 1456 1950; x_wconf 79' lang='grc' dir='ltr'>ὑπὲρ</span> <span class='ocrx_word' id='word_1_198' title='bbox 1487 1905 1602 1938; x_wconf 69' lang='grc' dir='ltr'>ἑαυτοῦ</span> <span class='ocrx_word' id='word_1_199' title='bbox 1631 1904 1792 1951; x_wconf 73' lang='grc' dir='ltr'>ἀπολογή-</span> 
     </span>
     <span class='ocr_line' id='line_1_24' title="bbox 283 1965 424 1998; baseline 0.014 -2"><span class='ocrx_word' id='word_1_200' title='bbox 283 1965 424 1998; x_wconf 75' lang='grc' dir='ltr'>σασθαι.</span> 
     </span>
    </p>

    <p class='ocr_par' dir='ltr' id='par_1_15' title="bbox 283 2026 1793 2138">
     <span class='ocr_line' id='line_1_25' title="bbox 335 2026 1793 2078; baseline 0.004 -18"><span class='ocrx_word' id='word_1_201' title='bbox 335 2037 427 2070; x_wconf 82' lang='grc'>440,</span> <span class='ocrx_word' id='word_1_202' title='bbox 448 2038 505 2071; x_wconf 76' lang='grc'>14.</span> <span class='ocrx_word' id='word_1_203' title='bbox 539 2026 634 2062; x_wconf 90' lang='lat' dir='ltr'>Cum</span> <span class='ocrx_word' id='word_1_204' title='bbox 653 2027 700 2061; x_wconf 87' lang='lat' dir='ltr'>Y.</span> <span class='ocrx_word' id='word_1_205' title='bbox 723 2028 910 2063; x_wconf 83' lang='lat' dir='ltr'>consentit</span> <span class='ocrx_word' id='word_1_206' title='bbox 932 2027 992 2069; x_wconf 91' lang='lat' dir='ltr'>L.,</span> <span class='ocrx_word' id='word_1_207' title='bbox 1017 2028 1078 2075; x_wconf 91' lang='lat' dir='ltr'>qui</span> <span class='ocrx_word' id='word_1_208' title='bbox 1098 2041 1164 2075; x_wconf 92' lang='lat' dir='ltr'>pro</span> <span class='ocrx_word' id='word_1_209' title='bbox 1185 2031 1322 2077; x_wconf 77' lang='grc' dir='ltr'>φάσκων</span> <span class='ocrx_word' id='word_1_210' title='bbox 1342 2029 1456 2065; x_wconf 84' lang='lat' dir='ltr'>habet</span> <span class='ocrx_word' id='word_1_211' title='bbox 1476 2032 1616 2078; x_wconf 76' lang='grc' dir='ltr'>φάσκον,</span> <span class='ocrx_word' id='word_1_212' title='bbox 1638 2031 1737 2077; x_wconf 89' lang='lat' dir='ltr'>quod</span> <span class='ocrx_word' id='word_1_213' title='bbox 1756 2031 1793 2066; x_wconf 92' lang='lat' dir='ltr'>in</span> 
     </span>
     <span class='ocr_line' id='line_1_26' title="bbox 283 2089 824 2138; baseline 0.004 -14"><span class='ocrx_word' id='word_1_214' title='bbox 283 2089 362 2124; x_wconf 81' lang='lat' dir='ltr'>aliis</span> <span class='ocrx_word' id='word_1_215' title='bbox 383 2102 528 2136; x_wconf 84' lang='lat' dir='ltr'>quoque</span> <span class='ocrx_word' id='word_1_216' title='bbox 548 2090 623 2137; x_wconf 83' lang='lat' dir='ltr'>legi</span> <span class='ocrx_word' id='word_1_217' title='bbox 645 2091 824 2138; x_wconf 83' lang='lat' dir='ltr'>suspicor.</span> 
     </span>
    </p>

    <p class='ocr_par' dir='ltr' id='par_1_16' title="bbox 335 2154 1356 2202">
     <span class='ocr_line' id='line_1_27' title="bbox 335 2154 1356 2202; baseline 0.005 -15"><span class='ocrx_word' id='word_1_218' title='bbox 335 2164 426 2198; x_wconf 82' lang='grc'>442,</span> <span class='ocrx_word' id='word_1_219' title='bbox 446 2165 458 2188; x_wconf 93' lang='lat'>1</span> <span class='ocrx_word' id='word_1_220' title='bbox 472 2165 612 2198; x_wconf 82' lang='lat'>2—14.</span> <span class='ocrx_word' id='word_1_221' title='bbox 636 2154 739 2189; x_wconf 73' lang='grc' dir='ltr'>ἰστέον</span> <span class='ocrx_word' id='word_1_222' title='bbox 758 2154 1035 2202; x_wconf 66' lang='grc' dir='ltr'>ὅτι-πρόσωπον]</span> <span class='ocrx_word' id='word_1_223' title='bbox 1070 2155 1195 2191; x_wconf 80' lang='lat' dir='ltr'>Habet</span> <span class='ocrx_word' id='word_1_224' title='bbox 1215 2155 1259 2191; x_wconf 93' lang='lat' dir='ltr'>L.</span> <span class='ocrx_word' id='word_1_225' title='bbox 1282 2169 1356 2192; x_wconf 88' lang='lat' dir='ltr'>rec.</span> 
     </span>
    </p>

    <p class='ocr_par' dir='ltr' id='par_1_17' title="bbox 283 2217 1794 2327">
     <span class='ocr_line' id='line_1_28' title="bbox 338 2217 1794 2267; baseline 0.003 -16"><span class='ocrx_word' id='word_1_226' title='bbox 338 2217 426 2262; x_wconf 79' lang='lat'>807,</span> <span class='ocrx_word' id='word_1_227' title='bbox 446 2218 478 2252; x_wconf 86' lang='lat' dir='ltr'>S.</span> <span class='ocrx_word' id='word_1_228' title='bbox 505 2218 573 2264; x_wconf 76' lang='grc' dir='ltr'>περὶ</span> <span class='ocrx_word' id='word_1_229' title='bbox 593 2218 856 2265; x_wconf 69' lang='grc' dir='ltr'>ἀποσιωπήσεως]</span> <span class='ocrx_word' id='word_1_230' title='bbox 882 2221 1100 2262; x_wconf 77' lang='grc' dir='ltr'>ἀποσιώπησις</span> <span class='ocrx_word' id='word_1_231' title='bbox 1119 2220 1163 2254; x_wconf 92' lang='lat' dir='ltr'>L.</span> <span class='ocrx_word' id='word_1_232' title='bbox 1223 2220 1328 2255; x_wconf 78' lang='lat' dir='ltr'>Idem</span> <span class='ocrx_word' id='word_1_233' title='bbox 1358 2220 1403 2255; x_wconf 85' lang='lat' dir='ltr'>ad</span> <span class='ocrx_word' id='word_1_234' title='bbox 1436 2229 1524 2267; x_wconf 82' lang='lat'><strong><em>773,</em></strong></span> <span class='ocrx_word' id='word_1_235' title='bbox 1546 2231 1607 2256; x_wconf 86' lang='lat'>20.</span> <span class='ocrx_word' id='word_1_236' title='bbox 1629 2223 1642 2255; x_wconf 80' lang='grc' dir='ltr'>ὅ</span> <span class='ocrx_word' id='word_1_237' title='bbox 1660 2221 1794 2264; x_wconf 74' lang='grc' dir='ltr'>ποιήσας</span> 
     </span>
     <span class='ocr_line' id='line_1_29' title="bbox 283 2278 985 2327; baseline 0.004 -14"><span class='ocrx_word' id='word_1_238' title='bbox 283 2278 443 2325; x_wconf 78' lang='lat' dir='ltr'>explicat</span> <span class='ocrx_word' id='word_1_239' title='bbox 463 2291 528 2325; x_wconf 84' lang='lat' dir='ltr'>per</span> <span class='ocrx_word' id='word_1_240' title='bbox 548 2282 560 2313; x_wconf 77' lang='grc' dir='ltr'><em>ὁ</em></span> <span class='ocrx_word' id='word_1_241' title='bbox 580 2285 763 2327; x_wconf 73' lang='grc' dir='ltr'>κατηγορῶν</span> <span class='ocrx_word' id='word_1_242' title='bbox 783 2285 844 2316; x_wconf 66' lang='grc' dir='ltr'>τῶν</span> <span class='ocrx_word' id='word_1_243' title='bbox 864 2280 985 2316; x_wconf 76' lang='grc' dir='ltr'>ἄλλων.</span> 
     </span>
    </p>

    <p class='ocr_par' dir='ltr' id='par_1_18' title="bbox 284 2341 1792 2454">
     <span class='ocr_line' id='line_1_30' title="bbox 339 2341 1792 2394; baseline 0.003 -17"><span class='ocrx_word' id='word_1_244' title='bbox 339 2341 426 2387; x_wconf 81' lang='grc'>807,</span> <span class='ocrx_word' id='word_1_245' title='bbox 449 2354 508 2377; x_wconf 91' lang='lat'>11.</span> <span class='ocrx_word' id='word_1_246' title='bbox 539 2346 575 2378; x_wconf 79' lang='grc' dir='ltr'>τί</span> <span class='ocrx_word' id='word_1_247' title='bbox 600 2347 673 2378; x_wconf 82' lang='grc' dir='ltr'>ἐστι</span> <span class='ocrx_word' id='word_1_248' title='bbox 703 2344 805 2390; x_wconf 75' lang='grc' dir='ltr'>νόμος]</span> <span class='ocrx_word' id='word_1_249' title='bbox 841 2345 884 2379; x_wconf 86' lang='lat' dir='ltr'>In</span> <span class='ocrx_word' id='word_1_250' title='bbox 904 2345 948 2380; x_wconf 91' lang='lat' dir='ltr'>L.</span> <span class='ocrx_word' id='word_1_251' title='bbox 976 2344 1037 2392; x_wconf 71' lang='grc' dir='ltr'>ὅρος</span> <span class='ocrx_word' id='word_1_252' title='bbox 1066 2345 1166 2390; x_wconf 73' lang='grc' dir='ltr'>νόμον.</span> <span class='ocrx_word' id='word_1_253' title='bbox 1284 2358 1342 2382; x_wconf 85' lang='lat'>12.</span> <span class='ocrx_word' id='word_1_254' title='bbox 1371 2348 1471 2394; x_wconf 72' lang='grc' dir='ltr'>ἀρχαὶ</span> <span class='ocrx_word' id='word_1_255' title='bbox 1500 2350 1537 2381; x_wconf 73' lang='grc' dir='ltr'>αἱ</span> <span class='ocrx_word' id='word_1_256' title='bbox 1564 2347 1792 2393; x_wconf 74' lang='grc' dir='ltr'>παρῳχημέναι</span> 
     </span>
     <span class='ocr_line' id='line_1_31' title="bbox 284 2405 1599 2454; baseline 0.004 -15"><span class='ocrx_word' id='word_1_257' title='bbox 284 2417 356 2440; x_wconf 87' lang='lat' dir='ltr'>om.</span> <span class='ocrx_word' id='word_1_258' title='bbox 379 2405 424 2440; x_wconf 84' lang='lat' dir='ltr'>L.</span> <span class='ocrx_word' id='word_1_259' title='bbox 481 2405 575 2440; x_wconf 86' lang='lat' dir='ltr'>Tum</span> <span class='ocrx_word' id='word_1_260' title='bbox 597 2405 643 2440; x_wconf 80' lang='lat' dir='ltr'>ad</span> <span class='ocrx_word' id='word_1_261' title='bbox 666 2405 754 2452; x_wconf 84' lang='lat'><em>776,</em></span> <span class='ocrx_word' id='word_1_262' title='bbox 774 2415 832 2452; x_wconf 89' lang='lat'>17.</span> <span class='ocrx_word' id='word_1_263' title='bbox 853 2407 1028 2452; x_wconf 70' lang='grc' dir='ltr'>κιγκλίδος]</span> <span class='ocrx_word' id='word_1_264' title='bbox 1055 2409 1147 2454; x_wconf 72' lang='grc' dir='ltr'>θύρας</span> <span class='ocrx_word' id='word_1_265' title='bbox 1167 2412 1220 2442; x_wconf 74' lang='grc' dir='ltr'>τοῦ</span> <span class='ocrx_word' id='word_1_266' title='bbox 1241 2407 1440 2454; x_wconf 71' lang='grc' dir='ltr'>δικαστηρίου</span> <span class='ocrx_word' id='word_1_267' title='bbox 1460 2409 1504 2444; x_wconf 91' lang='lat' dir='ltr'>L.</span> <span class='ocrx_word' id='word_1_268' title='bbox 1526 2421 1599 2444; x_wconf 84' lang='lat' dir='ltr'>rec.</span> 
     </span>
    </p>

    <p class='ocr_par' dir='ltr' id='par_1_19' title="bbox 281 2468 1789 2644">
     <span class='ocr_line' id='line_1_32' title="bbox 338 2468 1789 2519; baseline 0.003 -16"><span class='ocrx_word' id='word_1_269' title='bbox 338 2468 427 2510; x_wconf 82' lang='lat'>808,</span> <span class='ocrx_word' id='word_1_270' title='bbox 450 2481 507 2504; x_wconf 84' lang='lat'>12.</span> <span class='ocrx_word' id='word_1_271' title='bbox 530 2469 717 2513; x_wconf 74' lang='grc' dir='ltr'>ἐπώλησαν]</span> <span class='ocrx_word' id='word_1_272' title='bbox 742 2468 899 2516; x_wconf 76' lang='lat' dir='ltr'>Corrige</span> <span class='ocrx_word' id='word_1_273' title='bbox 920 2473 1065 2513; x_wconf 75' lang='grc' dir='ltr'>ἐπώλησε</span> <span class='ocrx_word' id='word_1_274' title='bbox 1086 2483 1133 2505; x_wconf 83' lang='lat' dir='ltr'>ex</span> <span class='ocrx_word' id='word_1_275' title='bbox 1152 2471 1195 2505; x_wconf 92' lang='lat' dir='ltr'>L.</span> <span class='ocrx_word' id='word_1_276' title='bbox 1272 2471 1366 2506; x_wconf 83' lang='lat' dir='ltr'>Ibid.</span> <span class='ocrx_word' id='word_1_277' title='bbox 1387 2472 1410 2506; x_wconf 89' lang='lat' dir='ltr'>l.</span> <span class='ocrx_word' id='word_1_278' title='bbox 1431 2484 1489 2519; x_wconf 86' lang='lat'>19.</span> <span class='ocrx_word' id='word_1_279' title='bbox 1511 2475 1630 2513; x_wconf 78' lang='grc' dir='ltr'>πάντες</span> <span class='ocrx_word' id='word_1_280' title='bbox 1649 2475 1720 2513; x_wconf 74' lang='grc' dir='ltr'>τοὺς</span> <span class='ocrx_word' id='word_1_281' title='bbox 1740 2473 1789 2518; x_wconf 86' lang='grc' dir='ltr'>ἐν]</span> 
     </span>
     <span class='ocr_line' id='line_1_33' title="bbox 281 2532 1789 2582; baseline 0.003 -15"><span class='ocrx_word' id='word_1_282' title='bbox 281 2535 407 2573; x_wconf 76' lang='grc' dir='ltr'>πάντας</span> <span class='ocrx_word' id='word_1_283' title='bbox 427 2536 457 2567; x_wconf 87' lang='grc' dir='ltr'>ἐν</span> <span class='ocrx_word' id='word_1_284' title='bbox 478 2532 538 2573; x_wconf 67' lang='lat' dir='ltr'>L„</span> <span class='ocrx_word' id='word_1_285' title='bbox 562 2538 599 2567; x_wconf 88' lang='lat' dir='ltr'>et</span> <span class='ocrx_word' id='word_1_286' title='bbox 620 2538 719 2567; x_wconf 86' lang='lat' dir='ltr'>recte</span> <span class='ocrx_word' id='word_1_287' title='bbox 740 2532 887 2579; x_wconf 88' lang='lat' dir='ltr'>quidem</span> <span class='ocrx_word' id='word_1_288' title='bbox 908 2533 1007 2579; x_wconf 90' lang='lat' dir='ltr'>quod</span> <span class='ocrx_word' id='word_1_289' title='bbox 1027 2533 1072 2568; x_wconf 85' lang='lat' dir='ltr'>ad</span> <span class='ocrx_word' id='word_1_290' title='bbox 1091 2536 1217 2574; x_wconf 68' lang='grc' dir='ltr'>πάντας</span> <span class='ocrx_word' id='word_1_291' title='bbox 1246 2535 1391 2570; x_wconf 83' lang='lat' dir='ltr'>attinet.</span> <span class='ocrx_word' id='word_1_292' title='bbox 1499 2535 1592 2571; x_wconf 82' lang='lat' dir='ltr'>Ibid.</span> <span class='ocrx_word' id='word_1_293' title='bbox 1613 2536 1636 2570; x_wconf 90' lang='lat' dir='ltr'>l.</span> <span class='ocrx_word' id='word_1_294' title='bbox 1653 2547 1717 2582; x_wconf 83' lang='lat'>32.</span> <span class='ocrx_word' id='word_1_295' title='bbox 1743 2535 1789 2571; x_wconf 93' lang='lat' dir='ltr'>L.</span> 
     </span>
     <span class='ocr_line' id='line_1_34' title="bbox 282 2591 1455 2644; baseline 0.003 -13"><span class='ocrx_word' id='word_1_296' title='bbox 282 2596 468 2632; x_wconf 83' lang='lat' dir='ltr'>consentit</span> <span class='ocrx_word' id='word_1_297' title='bbox 489 2609 572 2631; x_wconf 89' lang='lat' dir='ltr'>cum</span> <span class='ocrx_word' id='word_1_298' title='bbox 593 2596 640 2636; x_wconf 79' lang='lat' dir='ltr'>Y,</span> <span class='ocrx_word' id='word_1_299' title='bbox 662 2596 731 2631; x_wconf 80' lang='lat' dir='ltr'>nisi</span> <span class='ocrx_word' id='word_1_300' title='bbox 753 2596 851 2643; x_wconf 87' lang='lat' dir='ltr'>quod</span> <span class='ocrx_word' id='word_1_301' title='bbox 871 2591 905 2644; x_wconf 68' lang='grc' dir='ltr'>ᾗς</span> <span class='ocrx_word' id='word_1_302' title='bbox 925 2608 1009 2631; x_wconf 87' lang='lat' dir='ltr'>cum</span> <span class='ocrx_word' id='word_1_303' title='bbox 1029 2596 1104 2632; x_wconf 84' lang='lat' dir='ltr'>iota</span> <span class='ocrx_word' id='word_1_304' title='bbox 1124 2596 1312 2644; x_wconf 82' lang='lat' dir='ltr'>adscripto</span> <span class='ocrx_word' id='word_1_305' title='bbox 1331 2598 1455 2634; x_wconf 88' lang='lat' dir='ltr'>habet.</span> 
     </span>
    </p>

    <p class='ocr_par' dir='ltr' id='par_1_20' title="bbox 285 2657 1789 2779">
     <span class='ocr_line' id='line_1_35' title="bbox 338 2657 1789 2710; baseline 0.003 -17"><span class='ocrx_word' id='word_1_306' title='bbox 338 2659 426 2707; x_wconf 88' lang='lat'><em>809,</em></span> <span class='ocrx_word' id='word_1_307' title='bbox 447 2660 479 2694; x_wconf 87' lang='grc'>8.</span> <span class='ocrx_word' id='word_1_308' title='bbox 502 2658 642 2705; x_wconf 73' lang='grc' dir='ltr'>ἔστησε]</span> <span class='ocrx_word' id='word_1_309' title='bbox 668 2657 814 2702; x_wconf 70' lang='grc' dir='ltr'>ἔστησαν</span> <span class='ocrx_word' id='word_1_310' title='bbox 833 2658 875 2693; x_wconf 92' lang='lat' dir='ltr'>L.</span> <span class='ocrx_word' id='word_1_311' title='bbox 897 2664 1007 2694; x_wconf 78' lang='lat' dir='ltr'>recte.</span> <span class='ocrx_word' id='word_1_312' title='bbox 1088 2668 1145 2707; x_wconf 76' lang='lat'>15.</span> <span class='ocrx_word' id='word_1_313' title='bbox 1169 2661 1314 2708; x_wconf 74' lang='grc' dir='ltr'>μνήσεις]</span> <span class='ocrx_word' id='word_1_314' title='bbox 1341 2662 1499 2710; x_wconf 81' lang='lat' dir='ltr'>Corrige</span> <span class='ocrx_word' id='word_1_315' title='bbox 1518 2665 1666 2707; x_wconf 79' lang='grc' dir='ltr'>μηνύσεις</span> <span class='ocrx_word' id='word_1_316' title='bbox 1685 2675 1728 2698; x_wconf 80' lang='lat' dir='ltr'>ex</span> <span class='ocrx_word' id='word_1_317' title='bbox 1747 2663 1789 2698; x_wconf 91' lang='lat' dir='ltr'>L.</span> 
     </span>
     <span class='ocr_line' id='line_1_36' title="bbox 285 2723 1788 2779; baseline 0.003 -17"><span class='ocrx_word' id='word_1_318' title='bbox 285 2739 345 2762; x_wconf 81' lang='lat'>21.</span> <span class='ocrx_word' id='word_1_319' title='bbox 367 2728 564 2774; x_wconf 78' lang='grc' dir='ltr'>ἐπωβελίαν]</span> <span class='ocrx_word' id='word_1_320' title='bbox 592 2723 773 2771; x_wconf 53' lang='grc' dir='ltr'>ἐπῧβελιάν</span> <span class='ocrx_word' id='word_1_321' title='bbox 793 2727 838 2762; x_wconf 89' lang='lat' dir='ltr'>L.</span> <span class='ocrx_word' id='word_1_322' title='bbox 930 2740 990 2774; x_wconf 78' lang='lat'>29.</span> <span class='ocrx_word' id='word_1_323' title='bbox 1022 2728 1129 2763; x_wconf 79' lang='lat' dir='ltr'>Adde</span> <span class='ocrx_word' id='word_1_324' title='bbox 1162 2739 1248 2777; x_wconf 81' lang='lat'>793,</span> <span class='ocrx_word' id='word_1_325' title='bbox 1276 2730 1334 2766; x_wconf 81' lang='lat'>26.</span> <span class='ocrx_word' id='word_1_326' title='bbox 1365 2729 1526 2779; x_wconf 67' lang='grc' dir='ltr'>Θεωρίδα]</span> <span class='ocrx_word' id='word_1_327' title='bbox 1557 2729 1654 2777; x_wconf 70' lang='grc' dir='ltr'>’ὄνομα</span> <span class='ocrx_word' id='word_1_328' title='bbox 1681 2733 1788 2779; x_wconf 69' lang='grc' dir='ltr'>κύριον,</span> 
     </span>
    </p>
   </div>
   <div class='ocr_carea' id='block_1_4' title="bbox 281 2788 781 2836">
    <p class='ocr_par' dir='ltr' id='par_1_21' title="bbox 281 2788 781 2836">
     <span class='ocr_line' id='line_1_37' title="bbox 281 2788 781 2836; baseline 0.002 -11"><span class='ocrx_word' id='word_1_329' title='bbox 281 2792 349 2834; x_wconf 71' lang='grc' dir='ltr'>ἥτις</span> <span class='ocrx_word' id='word_1_330' title='bbox 368 2792 422 2826; x_wconf 66' lang='grc' dir='ltr'>καὶ</span> <span class='ocrx_word' id='word_1_331' title='bbox 442 2793 557 2836; x_wconf 64' lang='grc' dir='ltr'>μάντις</span> <span class='ocrx_word' id='word_1_332' title='bbox 577 2788 621 2834; x_wconf 67' lang='grc' dir='ltr'>ἧν.</span> <span class='ocrx_word' id='word_1_333' title='bbox 644 2792 686 2826; x_wconf 93' lang='lat' dir='ltr'>L.</span> <span class='ocrx_word' id='word_1_334' title='bbox 710 2803 781 2826; x_wconf 81' lang='lat' dir='ltr'>l‘ec.</span> 
     </span>
    </p>
   </div>
  </div>
 </body>
</html>
