1929 3215
676 95 1091 137 PRAEFATIO.
1618 112 1638 135 v

128 217 213 262 pus
253 202 447 260 redegit,
486 202 581 245 sive
619 202 656 244 is
689 200 903 245 Zosimus
939 201 1228 255 Ascalonita,
1264 203 1340 259 qui
1383 203 1639 260 imperante

127 276 392 328 Anastasio,
433 277 462 319 i.
489 291 528 320 e.
571 275 727 320 seculo
766 277 930 334 quinto
972 281 1177 321 exeunte
1219 277 1349 329 vixit,
1392 277 1485 320 sive
1523 276 1639 320 alius

129 353 244 397 fuit:
282 353 341 396 de
365 366 458 409 quo
483 365 632 410 nuper
663 351 761 395 dixi
796 352 842 395 in
880 351 1150 410 praefatione
1184 351 1240 395 ad
1278 351 1451 394 scholia
1476 351 1519 393 in
1550 350 1642 395 Dc-

126 428 420 473 mosthenem
460 442 504 485 p.
530 427 608 470 xii.
680 426 728 470 Is
764 427 1051 485 tripertitum
1095 427 1139 470 in
1180 427 1420 485 primarios
1456 425 1641 470 Attico-

127 519 233 549 rum
269 508 472 547 oratores
507 502 897 546 commentarium
933 502 1246 560 composuisse
1283 502 1481 554 videtur,
1511 502 1640 559 cujus

127 595 231 640 pars
265 579 414 638 prima
448 577 622 622 scholia
656 578 703 622 in
737 577 1003 628 Isocratem,
1041 577 1243 622 secunda
1278 578 1323 621 in
1362 576 1641 622 Demosthe-

127 672 249 709 nem,
275 656 413 700 tertia
447 655 495 698 in
527 653 796 699 AEschinem
833 653 1234 713 complecteretur.
1306 653 1432 697 Nam
1468 653 1642 698 scholia

127 734 175 777 in
201 731 456 776 Isocratem
483 727 558 787 (τὰ
580 727 878 791 Ἰσοκρατικά)
905 730 952 773 in
978 729 1162 773 scholiis
1187 730 1244 774 ad
1270 730 1641 774 Demosthenem

128 808 332 852 citantur
362 821 404 865 p.
425 821 501 866 30,
531 821 605 850 22.
633 806 725 863 (vel
752 821 827 866 33,
857 815 950 865 23,)
977 811 1025 850 et
1060 820 1106 864 p.
1129 805 1237 865 676,
1267 816 1339 864 27,
1365 806 1437 849 cui
1464 803 1640 866 δευτέρῳ

127 899 176 929 se
212 883 409 937 ἐπιβῆναι
446 883 512 926 ait
545 882 762 927 Zosimus
798 883 844 925 in
872 880 988 926 Vita
1014 880 1359 933 Demosthenis,
1387 896 1523 938 quam
1556 896 1641 940 ego

128 959 313 1004 scholiis
348 958 524 1018 praefixi
560 974 604 1017 p.
635 957 705 1010 18,
729 973 792 1002 1.:
831 957 1005 1002 scholia
1030 971 1136 1001 vero
1162 957 1209 1000 in
1234 956 1500 1000 AEschinem
1536 972 1642 1001 nus-

128 1050 267 1095 quam
300 1039 620 1078 memorantur
651 1034 698 1077 in
734 1033 1120 1083 Demosthenicis‚
1152 1047 1211 1076 ex
1252 1047 1344 1090 quo
1380 1031 1641 1092 colligimus

128 1112 298 1170 scripta
333 1126 388 1155 ea
424 1125 522 1154 esse
558 1116 662 1169 post
698 1109 1075 1160 Demosthenica‚
1110 1123 1306 1167 quorum
1344 1108 1560 1165 frequens
1595 1108 1641 1151 in

128 1186 387 1231 AEschineis
410 1186 589 1230 mentio
613 1186 681 1229 fit.
751 1184 1023 1243 Cujusmodi
1056 1184 1104 1227 in
1137 1183 1248 1228 locis
1284 1182 1530 1227 scholiasta
1554 1184 1644 1227 fre-

129 1263 291 1321 quenti
331 1261 411 1306 illa
446 1263 589 1306 etiam
628 1261 1006 1305 Demosthenicis
1042 1260 1090 1303 in
1130 1259 1316 1303 scholiis
1357 1258 1556 1302 formula
1591 1261 1643 1306 ὠς

127 1339 312 1397 ἔγνωμεν
345 1337 423 1394 (de
457 1352 547 1395 qua
576 1336 673 1380 dixi
706 1337 753 1380 in
791 1335 952 1380 Indice
987 1334 1127 1380 schol.
1159 1333 1404 1379 Demosth.
1442 1349 1483 1392 p.
1514 1334 1643 1393 834.)

129 1415 290 1465 utitur,
315 1412 446 1457 Velut
468 1414 519 1460 ὠς
542 1411 727 1471 ἔγνωμεν
751 1411 791 1454 ἐν
815 1417 908 1459 τοῖς
934 1411 1281 1462 Δημοσθενικοῖς,
1307 1411 1357 1457 ὠς
1397 1410 1580 1467 ἔγνωμεν
1604 1408 1644 1450 ἐν

129 1495 221 1538 τοῖς
244 1489 541 1540 Φιλιππικοῖς,
566 1490 617 1536 ὠς·
640 1487 825 1546 ἔγνωμεν
848 1487 889 1530 ἐν
907 1487 971 1544 τῷ
993 1486 1090 1547 περὶ
1117 1489 1196 1529 τοῦ
1215 1483 1450 1546 στεφάνου,
1471 1490 1518 1528 et
1539 1500 1644 1542 quae

130 1572 237 1611 sunt
263 1564 455 1623 reliqua,
481 1579 581 1622 quae
605 1564 651 1607 in
678 1562 891 1607 Indicem
916 1560 1185 1606 rettulimus
1215 1576 1248 1605 s.
1277 1577 1317 1604 v.
1345 1559 1645 1613 Δημοσθένους

130 1640 352 1700 ἐξηγηταί.
437 1639 609 1698 Neque
655 1639 777 1683 intra
816 1639 900 1682 hos
942 1643 1148 1682 oratores
1189 1637 1480 1697 grammatici
1522 1635 1645 1679 illius

132 1732 272 1775 opera
294 1716 553 1761 substitisse
577 1715 786 1760 videtur:
825 1729 932 1758 nam
966 1713 1169 1758 eundem
1201 1712 1374 1757 scholia
1404 1713 1450 1756 in
1477 1711 1647 1755 Pinda-

131 1807 234 1836 rum
272 1798 320 1835 et
356 1790 686 1850 Thucydidem
723 1789 1035 1848 composuisse
1076 1794 1268 1847 apparet
1309 1803 1368 1833 ex
1405 1787 1556 1832 verbis
1597 1787 1648 1832 ὥς

132 1868 316 1926 ἔγνωμεν
339 1867 380 1910 ἐν
403 1872 497 1914 τοῖς
523 1864 799 1925 Πινδαρικοῖς
822 1865 878 1908 ad
905 1870 1018 1908 orat.
1045 1879 1088 1923 3.
1119 1862 1154 1926 ᾗ.
1189 1876 1291 1924 179.
1319 1869 1367 1908 et
1390 1865 1441 1910 ὠς
1465 1862 1648 1920 ἔγνωμεν

133 1944 174 1988 ἐν
201 1949 294 1991 τοῖς
318 1939 622 1989 Θουκυδιδείοις
646 1941 703 1985 ad
729 1945 843 1984 orat.
876 1955 913 1983 1.
941 1936 984 1999 ᾧ.
1006 1939 1082 1995 64.
1116 1953 1220 1999 191.
1277 1938 1464 1983 Scholia
1487 1942 1647 1981 autem

133 2020 382 2065 AEschinea
407 2018 575 2077 partim
612 2022 721 2061 sunt
755 2016 998 2067 rhetorica,
1025 2029 1290 2073 quanquam
1325 2014 1475 2058 multo
1499 2018 1548 2058 et
1579 2027 1649 2056 ra-

134 2097 252 2140 riora
277 2100 324 2138 et
355 2094 566 2138 breviora
590 2108 730 2151 quam
760 2093 807 2135 in
842 2090 1209 2136 Demosthenica
1233 2089 1522 2141 collectione,
1549 2103 1651 2147 par-

134 2172 221 2214 tim
254 2170 557 2230 grammatica
581 2174 629 2212 et
653 2167 884 2218 historica,
911 2167 957 2210 in
983 2181 1074 2224 quo
1099 2180 1286 2225 genere,
1311 2165 1570 2223 praesertim
1602 2163 1651 2206 in

136 2245 343 2289 oratione
368 2242 654 2295 Timarchea,
686 2241 836 2286 multa
866 2247 975 2285 sunt
1010 2255 1111 2299 quae
1148 2240 1498 2298 exquisitiorem
1535 2239 1653 2282 anti-

136 2334 332 2379 quorum
368 2319 677 2377 interpretum
703 2317 963 2362 doctrinam
994 2316 1208 2375 prodant,
1234 2315 1321 2360 etsi
1357 2329 1451 2359 non
1482 2314 1652 2358 diserte

136 2396 494 2446 nominatorum,
520 2394 607 2437 nisi
633 2393 754 2451 quod
780 2392 1007 2451 Aspasius
1032 2398 1080 2436 et
1104 2390 1387 2449 Apollonius
1422 2404 1514 2434 non
1545 2389 1653 2433 satis

137 2476 319 2517 constat
346 2470 438 2529 qui,
472 2469 617 2515 semel
653 2475 863 2527 uterque,
895 2474 1228 2518 memorantur,
1264 2466 1323 2510 de
1355 2465 1522 2524 quibus
1558 2465 1653 2508 dic-

138 2555 238 2591 tum
272 2547 319 2590 in
349 2545 623 2605 praefatione
653 2544 711 2588 ad
737 2543 910 2588 scholia
936 2542 1180 2586 Demosth.
1206 2556 1248 2600 p.
1266 2541 1392 2593 xvii„
1418 2546 1464 2585 et
1491 2541 1532 2584 οἱ
1555 2539 1652 2600 περὶ

140 2622 447 2684 Μαρκελλῖνον
470 2637 515 2680 p.
537 2634 615 2678 42,
639 2621 681 2665 6.

206 2698 406 2743 Scholiis
446 2697 626 2756 praefixi
662 2696 827 2741 breves
865 2696 922 2740 de
964 2696 1060 2738 vita
1098 2693 1329 2738 AEschinis
1368 2696 1653 2736 commenta-

140 2776 292 2820 tiones
317 2774 431 2818 duas
466 2774 523 2818 ab
549 2773 677 2817 Aldo
703 2773 905 2831 primum
930 2771 1091 2822 editas,
1118 2784 1311 2828 quarum
1336 2767 1483 2812 altera
1508 2765 1654 2824 Apol-

141 2850 267 2894 lonio
291 2849 526 2900 tribuitur,
553 2849 631 2907 qui
657 2848 781 2892 haud
808 2847 948 2891 dubie
982 2846 1104 2891 idem
1131 2851 1201 2888 est
1227 2845 1285 2887 de
1310 2858 1399 2900 quo
1425 2842 1563 2885 modo
1589 2841 1657 2884 di-
