1929 3215
561 409 1223 476 PRAEFATIO.

135 774 606 851 SCHOLIORUM
644 803 693 847 in
729 803 960 849 AEschinis
995 807 1227 851 orationes
1263 809 1498 853 codicibus
1534 824 1643 853 usus

131 895 233 925 sum
258 880 407 924 tribus
430 879 489 923 ab
514 878 750 924 Friderico
776 879 1031 927 Duebnero
1057 889 1271 928 accurate
1300 884 1491 937 collatis,

197 954 249 999 F.
287 954 495 1000 Parisino
520 955 803 1001 Coisliniano
832 970 939 1017 249.

199 1030 253 1075 L.
292 1030 502 1075 Parisino
530 1032 671 1092 2996.

199 1106 271 1151 M.
309 1107 518 1153 Parisino
545 1123 687 1167 3003.

132 1182 344 1235 Quorum
385 1183 731 1241 antiquissimus
767 1189 839 1228 est
872 1183 938 1236 F„
977 1183 1311 1229 Demosthenis
1347 1186 1557 1231 Parisino
1597 1187 1644 1231 S.

132 1258 315 1318 (2994.)
342 1264 484 1303 aetate
509 1273 604 1317 par,
630 1259 716 1302 nisi
742 1260 962 1318 superior,
988 1259 1143 1304 seculo
1170 1261 1352 1305 decimo
1377 1263 1573 1320 scriptus
1598 1263 1644 1305 in

129 1334 424 1379 membranis.
495 1333 720 1379 Continet
761 1340 926 1392 praeter
963 1335 1052 1379 alia
1087 1335 1286 1378 aliorum
1324 1337 1506 1395 scripta,
1544 1353 1644 1395 quae

131 1407 531 1452 Montefalconius
556 1408 846 1452 enumeravit
878 1409 925 1450 in
959 1407 1257 1453 Bibliotheca
1282 1409 1566 1455 Coisliniana
1600 1427 1643 1469 p.

131 1498 255 1543 302„
277 1483 506 1529 AEschinis
530 1485 760 1529 orationes
784 1490 877 1528 tres
901 1498 1008 1527 cum
1033 1483 1216 1528 scholiis
1241 1485 1443 1542 antiquis
1469 1486 1645 1531 brevio-

130 1559 268 1604 ribus.
332 1559 520 1604 Scholia
542 1560 828 1619 marginibus
852 1560 1138 1618 paginarum,
1165 1575 1270 1618 quae
1296 1575 1511 1605 versuum
1537 1569 1645 1606 sunt

130 1640 311 1693 septem
342 1640 391 1679 et
430 1636 638 1695 triginta,
674 1636 907 1693 adscripta
947 1643 1056 1680 sunt
1092 1642 1140 1680 et
1178 1637 1455 1696 plerumque
1491 1640 1558 1683 ita
1592 1645 1645 1683 ut

129 1709 386 1755 scholiastae
420 1712 745 1755 annotationes
780 1727 873 1756 non
908 1712 1046 1772 longe
1081 1719 1269 1757 remotae
1312 1715 1404 1758 sint
1443 1715 1501 1758 ab
1537 1730 1645 1759 con-

130 1790 293 1830 textus
318 1786 467 1830 verbis
491 1786 550 1829 ad
576 1801 679 1844 quae
704 1787 968 1845 pertinent3
1005 1786 1179 1831 scholia
1203 1786 1423 1847 longiora,
1450 1803 1551 1845 quae
1576 1804 1646 1832 ra-

130 1860 312 1905 tionem
343 1861 472 1905 illam
502 1862 745 1906 turbatura
777 1867 922 1914 erant,
957 1862 1004 1904 in
1040 1863 1232 1906 summis
1264 1864 1441 1922 paginis
1476 1865 1646 1922 scripta

130 1941 252 1979 sunt.
323 1935 573 1980 Lemmata
604 1936 886 1980 scholiorum
919 1937 1069 1981 codex
1105 1938 1250 1982 habet
1285 1953 1527 1996 perpauca,
1557 1955 1644 1983 nec

129 2012 272 2070 signa,
299 2013 467 2070 quibus
502 2012 676 2057 scholia
704 2013 751 2056 in
786 2013 1021 2058 codicibus
1054 2013 1111 2056 ad
1137 2018 1297 2057 textus
1322 2014 1460 2057 verba
1484 2014 1642 2057 referri

130 2091 297 2143 solent,
321 2090 417 2134 ulla
440 2092 749 2149 reperiuntur.
820 2089 948 2132 Huic
973 2087 1119 2131 codici
1145 2093 1282 2132 aetate
1311 2089 1549 2146 proximus
1574 2096 1644 2133 est

131 2165 202 2217 L.,
229 2165 531 2224 bombycinus
557 2163 699 2208 seculi
725 2164 894 2207 decimi
926 2164 1067 2213 tertii,
1094 2164 1173 2221 qui
1198 2164 1456 2207 orationem
1482 2179 1644 2208 secun-

132 2241 252 2292 dam,
278 2256 383 2299 quae
404 2246 474 2284 est
499 2241 556 2284 de
582 2239 696 2283 falsa
720 2239 966 2298 legatione,
988 2239 1198 2282 continet
1223 2253 1329 2282 cum
1355 2239 1538 2283 scholiis
1562 2241 1644 2284 ali-

132 2321 305 2375 quanto
332 2331 470 2374 quam
505 2315 555 2359 F.
582 2315 923 2374 copiosioribus.
992 2314 1176 2358 Tertius
1200 2314 1349 2358 codex
1377 2313 1488 2375 (M.)
1515 2316 1644 2360 char-

131 2398 290 2437 taceus
326 2398 396 2437 est
432 2390 572 2436 seculi
605 2390 757 2449 quinti
789 2391 971 2441 decimi,
1003 2390 1081 2447 qui
1116 2389 1213 2448 ipse
1250 2405 1434 2448 quoque
1470 2391 1644 2435 scholia

130 2467 385 2525 copiosiora
426 2466 619 2510 exhibet
659 2465 717 2509 ad
759 2465 988 2509 orationes
1031 2464 1144 2507 duas
1186 2464 1354 2521 primas
1396 2465 1642 2522 tertiaeque

132 2542 317 2585 initium
343 2556 489 2599 usque
518 2541 576 2585 ad
608 2540 815 2584 scholion
840 2540 899 2582 de
926 2539 1216 2597 Eumolpidis
1251 2537 1288 2600 ᾇ.
1320 2539 1391 2583 18.
1462 2540 1643 2584 Codici-

133 2618 218 2661 bus
244 2616 462 2673 Parisinis
488 2616 539 2660 F.
565 2622 614 2661 et
640 2616 710 2660 M.
736 2622 844 2659 ante
870 2631 945 2658 me
977 2630 1086 2658 usus
1111 2620 1182 2658 est
1213 2614 1250 2657 I.
1276 2614 1536 2666 Bekkerus,
1564 2616 1642 2672 qui

133 2692 307 2736 scholia
331 2693 549 2736 orationis
575 2691 921 2750 Ctesiphontem
946 2690 1177 2748 excerpsit
1202 2691 1249 2733 in
1275 2690 1480 2734 editione
1506 2691 1641 2748 hujus

134 2768 353 2812 orationis
378 2767 572 2812 Halensi
598 2783 638 2811 a.
673 2767 823 2825 1815„
850 2766 1110 2809 orationum
1138 2765 1334 2809 duarum
1359 2765 1640 2823 reliquarum

136 2846 181 2887 in
207 2843 343 2888 Actis
369 2844 639 2889 Academiae
665 2841 919 2887 Borussicae
955 2856 994 2884 a.
1028 2841 1164 2900 1836.
1189 2856 1231 2899 p.
1256 2852 1472 2900 227-——25
1484 2856 1538 2893 2.,
1566 2857 1642 2886 ve-

849 2932 875 2960 a
902 2931 928 2959 2
