<?xml version="1.0" encoding="UTF-8"?>
<!DOCTYPE html PUBLIC "-//W3C//DTD XHTML 1.0 Transitional//EN"
    "http://www.w3.org/TR/xhtml1/DTD/xhtml1-transitional.dtd">
<html xmlns="http://www.w3.org/1999/xhtml" xml:lang="en" lang="en">
 <head>
  <title>
</title>
<meta http-equiv="Content-Type" content="text/html;charset=utf-8" />
  <meta name='ocr-system' content='tesseract 3.04.00' />
  <meta name='ocr-capabilities' content='ocr_page ocr_carea ocr_par ocr_line ocrx_word'/>
</head>
<body>
  <div class='ocr_page' id='page_1' title='image "./scholiagraecaina00dinduoft_0016.png"; bbox 0 0 1893 3246; ppageno 0'>
   <div class='ocr_carea' id='block_1_1' title="bbox 232 122 1647 164">
    <p class='ocr_par' dir='ltr' id='par_1_1' title="bbox 232 122 1647 164">
     <span class='ocr_line' id='line_1_1' title="bbox 232 122 1647 164; baseline 0.002 -3"><span class='ocrx_word' id='word_1_1' title='bbox 232 122 287 162; x_wconf 85' lang='lat' dir='ltr'>xii</span> <span class='ocrx_word' id='word_1_2' title='bbox 361 123 588 164; x_wconf 86' lang='lat' dir='ltr'>REISKII</span> <span class='ocrx_word' id='word_1_3' title='bbox 622 124 815 164; x_wconf 82' lang='lat' dir='ltr'><strong>PRAEF.</strong></span> <span class='ocrx_word' id='word_1_4' title='bbox 850 124 932 164; x_wconf 91' lang='lat' dir='ltr'>AD</span> <span class='ocrx_word' id='word_1_5' title='bbox 966 123 1167 164; x_wconf 79' lang='lat' dir='ltr'>SOHOL.</span> <span class='ocrx_word' id='word_1_6' title='bbox 1202 122 1264 162; x_wconf 94' lang='lat' dir='ltr'>IN</span> <span class='ocrx_word' id='word_1_7' title='bbox 1296 122 1647 164; x_wconf 81' lang='lat' dir='ltr'>AESOHINEM.</span> 
     </span>
    </p>
   </div>
   <div class='ocr_carea' id='block_1_2' title="bbox 224 229 1734 1886">
    <p class='ocr_par' dir='ltr' id='par_1_2' title="bbox 224 229 1734 1545">
     <span class='ocr_line' id='line_1_2' title="bbox 233 229 1733 278; baseline 0.001 -10"><span class='ocrx_word' id='word_1_8' title='bbox 233 230 485 271; x_wconf 76' lang='lat' dir='ltr'>exscriberet</span> <span class='ocrx_word' id='word_1_9' title='bbox 514 231 567 271; x_wconf 85' lang='lat' dir='ltr'>ad</span> <span class='ocrx_word' id='word_1_10' title='bbox 598 246 664 271; x_wconf 88' lang='lat' dir='ltr'>me</span> <span class='ocrx_word' id='word_1_11' title='bbox 693 231 913 278; x_wconf 83' lang='lat' dir='ltr'>mittenda,</span> <span class='ocrx_word' id='word_1_12' title='bbox 936 244 1016 270; x_wconf 90' lang='lat' dir='ltr'>non</span> <span class='ocrx_word' id='word_1_13' title='bbox 1047 230 1102 270; x_wconf 91' lang='lat' dir='ltr'>ad</span> <span class='ocrx_word' id='word_1_14' title='bbox 1130 230 1378 270; x_wconf 84' lang='lat' dir='ltr'>AEschinem</span> <span class='ocrx_word' id='word_1_15' title='bbox 1409 230 1552 277; x_wconf 83' lang='lat' dir='ltr'>solum,</span> <span class='ocrx_word' id='word_1_16' title='bbox 1576 230 1648 270; x_wconf 90' lang='lat' dir='ltr'>sed</span> <span class='ocrx_word' id='word_1_17' title='bbox 1677 229 1733 270; x_wconf 91' lang='lat' dir='ltr'>ad</span> 
     </span>
     <span class='ocr_line' id='line_1_3' title="bbox 232 296 1733 351; baseline 0.001 -17"><span class='ocrx_word' id='word_1_18' title='bbox 232 309 373 336; x_wconf 88' lang='lat' dir='ltr'>omnes</span> <span class='ocrx_word' id='word_1_19' title='bbox 401 297 579 350; x_wconf 84' lang='lat' dir='ltr'>reliquos</span> <span class='ocrx_word' id='word_1_20' title='bbox 601 311 762 351; x_wconf 89' lang='lat' dir='ltr'>quoque</span> <span class='ocrx_word' id='word_1_21' title='bbox 786 297 954 337; x_wconf 76' lang='lat' dir='ltr'>Graecos</span> <span class='ocrx_word' id='word_1_22' title='bbox 981 300 1182 336; x_wconf 89' lang='lat' dir='ltr'>oratores.</span> <span class='ocrx_word' id='word_1_23' title='bbox 1247 296 1433 337; x_wconf 81' lang='lat' dir='ltr'>Tandem</span> <span class='ocrx_word' id='word_1_24' title='bbox 1463 296 1604 350; x_wconf 79' lang='lat' dir='ltr'>paucis</span> <span class='ocrx_word' id='word_1_25' title='bbox 1634 300 1733 337; x_wconf 86' lang='lat' dir='ltr'>ante</span> 
     </span>
     <span class='ocr_line' id='line_1_4' title="bbox 232 362 1734 412; baseline 0.001 -11"><span class='ocrx_word' id='word_1_26' title='bbox 232 362 441 403; x_wconf 88' lang='lat' dir='ltr'>mensibus</span> <span class='ocrx_word' id='word_1_27' title='bbox 464 363 652 404; x_wconf 90' lang='lat' dir='ltr'>Londino</span> <span class='ocrx_word' id='word_1_28' title='bbox 677 364 729 404; x_wconf 84' lang='lat' dir='ltr'>ad</span> <span class='ocrx_word' id='word_1_29' title='bbox 757 377 822 403; x_wconf 91' lang='lat' dir='ltr'>me</span> <span class='ocrx_word' id='word_1_30' title='bbox 850 362 963 403; x_wconf 90' lang='lat' dir='ltr'>misit</span> <span class='ocrx_word' id='word_1_31' title='bbox 984 363 1196 403; x_wconf 90' lang='lat' dir='ltr'>Antonius</span> <span class='ocrx_word' id='word_1_32' title='bbox 1217 363 1447 412; x_wconf 86' lang='lat' dir='ltr'>Askewius,</span> <span class='ocrx_word' id='word_1_33' title='bbox 1471 363 1526 403; x_wconf 90' lang='lat' dir='ltr'>V.</span> <span class='ocrx_word' id='word_1_34' title='bbox 1546 363 1591 404; x_wconf 80' lang='lat' dir='ltr'>O.</span> <span class='ocrx_word' id='word_1_35' title='bbox 1622 363 1734 404; x_wconf 81' lang='lat' dir='ltr'>inter</span> 
     </span>
     <span class='ocr_line' id='line_1_5' title="bbox 230 428 1733 483; baseline 0.001 -15"><span class='ocrx_word' id='word_1_36' title='bbox 230 428 311 469; x_wconf 91' lang='lat' dir='ltr'>alia</span> <span class='ocrx_word' id='word_1_37' title='bbox 327 429 534 470; x_wconf 88' lang='lat' dir='ltr'>volumina</span> <span class='ocrx_word' id='word_1_38' title='bbox 554 444 724 470; x_wconf 89' lang='lat' dir='ltr'>numero</span> <span class='ocrx_word' id='word_1_39' title='bbox 741 443 863 483; x_wconf 89' lang='lat' dir='ltr'>quam</span> <span class='ocrx_word' id='word_1_40' title='bbox 885 429 1075 482; x_wconf 89' lang='lat' dir='ltr'>plurima,</span> <span class='ocrx_word' id='word_1_41' title='bbox 1093 429 1243 483; x_wconf 84' lang='lat' dir='ltr'>quibus</span> <span class='ocrx_word' id='word_1_42' title='bbox 1261 430 1414 483; x_wconf 87' lang='lat' dir='ltr'>Taylor</span> <span class='ocrx_word' id='word_1_43' title='bbox 1430 430 1471 469; x_wconf 89' lang='lat' dir='ltr'>in</span> <span class='ocrx_word' id='word_1_44' title='bbox 1488 430 1733 470; x_wconf 89' lang='lat' dir='ltr'>adornanda</span> 
     </span>
     <span class='ocr_line' id='line_1_6' title="bbox 231 492 1733 542; baseline 0.002 -8"><span class='ocrx_word' id='word_1_45' title='bbox 231 509 306 535; x_wconf 88' lang='lat' dir='ltr'>sua</span> <span class='ocrx_word' id='word_1_46' title='bbox 322 496 617 537; x_wconf 77' lang='lat' dir='ltr'>Demosthenis</span> <span class='ocrx_word' id='word_1_47' title='bbox 637 495 817 537; x_wconf 74' lang='lat' dir='ltr'>editione</span> <span class='ocrx_word' id='word_1_48' title='bbox 839 510 937 535; x_wconf 86' lang='lat' dir='ltr'>usus</span> <span class='ocrx_word' id='word_1_49' title='bbox 958 500 1060 542; x_wconf 73' lang='lat' dir='ltr'>erat,</span> <span class='ocrx_word' id='word_1_50' title='bbox 1079 496 1285 537; x_wconf 88' lang='lat' dir='ltr'>volumina</span> <span class='ocrx_word' id='word_1_51' title='bbox 1306 497 1388 537; x_wconf 91' lang='lat' dir='ltr'>duo</span> <span class='ocrx_word' id='word_1_52' title='bbox 1409 497 1464 537; x_wconf 89' lang='lat' dir='ltr'>ad</span> <span class='ocrx_word' id='word_1_53' title='bbox 1485 492 1733 538; x_wconf 75' lang='lat' dir='ltr'>AEschinefn</span> 
     </span>
     <span class='ocr_line' id='line_1_7' title="bbox 230 562 1731 616; baseline 0.003 -16"><span class='ocrx_word' id='word_1_54' title='bbox 230 562 362 601; x_wconf 90' lang='lat' dir='ltr'>solum</span> <span class='ocrx_word' id='word_1_55' title='bbox 382 563 647 616; x_wconf 74' lang='lat' dir='ltr'>pertinentia,</span> <span class='ocrx_word' id='word_1_56' title='bbox 670 577 760 616; x_wconf 87' lang='lat' dir='ltr'>quae</span> <span class='ocrx_word' id='word_1_57' title='bbox 783 577 890 602; x_wconf 88' lang='lat' dir='ltr'>nunc</span> <span class='ocrx_word' id='word_1_58' title='bbox 911 577 1038 616; x_wconf 88' lang='lat' dir='ltr'>penes</span> <span class='ocrx_word' id='word_1_59' title='bbox 1057 577 1122 603; x_wconf 89' lang='lat' dir='ltr'>me</span> <span class='ocrx_word' id='word_1_60' title='bbox 1149 568 1257 604; x_wconf 87' lang='lat' dir='ltr'>sunt.</span> <span class='ocrx_word' id='word_1_61' title='bbox 1320 563 1514 604; x_wconf 89' lang='lat' dir='ltr'>Alterum</span> <span class='ocrx_word' id='word_1_62' title='bbox 1536 569 1599 604; x_wconf 88' lang='lat' dir='ltr'>est</span> <span class='ocrx_word' id='word_1_63' title='bbox 1620 563 1731 613; x_wconf 83' lang='lat' dir='ltr'>illud,</span> 
     </span>
     <span class='ocr_line' id='line_1_8' title="bbox 230 629 1733 684; baseline 0.001 -16"><span class='ocrx_word' id='word_1_64' title='bbox 230 629 340 681; x_wconf 87' lang='lat' dir='ltr'>quod</span> <span class='ocrx_word' id='word_1_65' title='bbox 361 630 595 669; x_wconf 86' lang='lat' dir='ltr'>orationum</span> <span class='ocrx_word' id='word_1_66' title='bbox 615 629 833 670; x_wconf 86' lang='lat' dir='ltr'>AEschinis</span> <span class='ocrx_word' id='word_1_67' title='bbox 855 629 1088 683; x_wconf 84' lang='lat' dir='ltr'>exemplum</span> <span class='ocrx_word' id='word_1_68' title='bbox 1109 634 1240 679; x_wconf 88' lang='lat' dir='ltr'>tenet,</span> <span class='ocrx_word' id='word_1_69' title='bbox 1261 645 1311 670; x_wconf 85' lang='lat' dir='ltr'>ex</span> <span class='ocrx_word' id='word_1_70' title='bbox 1334 630 1507 671; x_wconf 88' lang='lat' dir='ltr'>Henrici</span> <span class='ocrx_word' id='word_1_71' title='bbox 1530 630 1733 684; x_wconf 76' lang='lat' dir='ltr'>Stephani</span> 
     </span>
     <span class='ocr_line' id='line_1_9' title="bbox 229 696 1733 749; baseline 0.001 -15"><span class='ocrx_word' id='word_1_72' title='bbox 229 709 400 749; x_wconf 90' lang='lat' dir='ltr'>corpore</span> <span class='ocrx_word' id='word_1_73' title='bbox 432 697 673 737; x_wconf 73' lang='lat' dir='ltr'>Graecorum</span> <span class='ocrx_word' id='word_1_74' title='bbox 704 700 918 737; x_wconf 87' lang='lat' dir='ltr'>oratorum</span> <span class='ocrx_word' id='word_1_75' title='bbox 952 696 1158 736; x_wconf 88' lang='lat' dir='ltr'>minorum</span> <span class='ocrx_word' id='word_1_76' title='bbox 1188 697 1385 745; x_wconf 83' lang='lat' dir='ltr'>evulsum,</span> <span class='ocrx_word' id='word_1_77' title='bbox 1418 697 1575 738; x_wconf 88' lang='lat' dir='ltr'>chartis</span> <span class='ocrx_word' id='word_1_78' title='bbox 1605 697 1733 738; x_wconf 86' lang='lat' dir='ltr'>inter-</span> 
     </span>
     <span class='ocr_line' id='line_1_10' title="bbox 224 762 1731 817; baseline 0.002 -15"><span class='ocrx_word' id='word_1_79' title='bbox 224 762 347 816; x_wconf 89' lang='lat' dir='ltr'>jectis</span> <span class='ocrx_word' id='word_1_80' title='bbox 368 762 623 813; x_wconf 80' lang='lat' dir='ltr'>distinctum,</span> <span class='ocrx_word' id='word_1_81' title='bbox 645 762 794 817; x_wconf 88' lang='lat' dir='ltr'>quibus</span> <span class='ocrx_word' id='word_1_82' title='bbox 815 762 972 803; x_wconf 88' lang='lat' dir='ltr'>chartis</span> <span class='ocrx_word' id='word_1_83' title='bbox 995 763 1159 817; x_wconf 88' lang='lat' dir='ltr'>Taylor,</span> <span class='ocrx_word' id='word_1_84' title='bbox 1182 769 1336 817; x_wconf 84' lang='lat' dir='ltr'>praeter</span> <span class='ocrx_word' id='word_1_85' title='bbox 1358 764 1598 805; x_wconf 75' lang='lat' dir='ltr'>collationes</span> <span class='ocrx_word' id='word_1_86' title='bbox 1620 764 1731 804; x_wconf 90' lang='lat' dir='ltr'>codi-</span> 
     </span>
     <span class='ocr_line' id='line_1_11' title="bbox 228 829 1731 884; baseline 0.002 -16"><span class='ocrx_word' id='word_1_87' title='bbox 228 843 322 868; x_wconf 91' lang='lat' dir='ltr'>cum</span> <span class='ocrx_word' id='word_1_88' title='bbox 345 829 590 880; x_wconf 88' lang='lat' dir='ltr'>Lockerani‚</span> <span class='ocrx_word' id='word_1_89' title='bbox 610 829 851 884; x_wconf 80' lang='lat' dir='ltr'>Harleyani,</span> <span class='ocrx_word' id='word_1_90' title='bbox 874 835 917 870; x_wconf 89' lang='lat' dir='ltr'>et</span> <span class='ocrx_word' id='word_1_91' title='bbox 942 830 1167 879; x_wconf 88' lang='lat' dir='ltr'>Meadiani,</span> <span class='ocrx_word' id='word_1_92' title='bbox 1185 830 1312 871; x_wconf 89' lang='lat' dir='ltr'>etiam</span> <span class='ocrx_word' id='word_1_93' title='bbox 1334 831 1500 871; x_wconf 84' lang='lat' dir='ltr'>Scholia</span> <span class='ocrx_word' id='word_1_94' title='bbox 1521 831 1670 872; x_wconf 76' lang='lat' dir='ltr'>Graeca</span> <span class='ocrx_word' id='word_1_95' title='bbox 1689 830 1731 871; x_wconf 92' lang='lat' dir='ltr'>in</span> 
     </span>
     <span class='ocr_line' id='line_1_12' title="bbox 230 894 1730 952; baseline 0.003 -18"><span class='ocrx_word' id='word_1_96' title='bbox 230 894 529 944; x_wconf 86' lang='lat' dir='ltr'>Timarcheam,</span> <span class='ocrx_word' id='word_1_97' title='bbox 553 910 633 936; x_wconf 91' lang='lat' dir='ltr'>non</span> <span class='ocrx_word' id='word_1_98' title='bbox 661 896 761 937; x_wconf 89' lang='lat' dir='ltr'>item</span> <span class='ocrx_word' id='word_1_99' title='bbox 785 896 827 936; x_wconf 90' lang='lat' dir='ltr'>in</span> <span class='ocrx_word' id='word_1_100' title='bbox 854 896 1033 950; x_wconf 82' lang='lat' dir='ltr'>reliquas</span> <span class='ocrx_word' id='word_1_101' title='bbox 1062 897 1165 947; x_wconf 82' lang='lat' dir='ltr'>duas</span> <span class='ocrx_word' id='word_1_102' title='bbox 1196 897 1405 938; x_wconf 87' lang='lat' dir='ltr'>orationes</span> <span class='ocrx_word' id='word_1_103' title='bbox 1435 898 1730 952; x_wconf 80' lang='lat' dir='ltr'>adscripscrat,</span> 
     </span>
     <span class='ocr_line' id='line_1_13' title="bbox 229 962 1731 1019; baseline 0.001 -17"><span class='ocrx_word' id='word_1_104' title='bbox 229 962 375 1002; x_wconf 88' lang='lat' dir='ltr'>eadem</span> <span class='ocrx_word' id='word_1_105' title='bbox 397 977 490 1002; x_wconf 88' lang='lat' dir='ltr'>cum</span> <span class='ocrx_word' id='word_1_106' title='bbox 510 962 600 1012; x_wconf 87' lang='lat' dir='ltr'>illis,</span> <span class='ocrx_word' id='word_1_107' title='bbox 625 977 715 1017; x_wconf 85' lang='lat' dir='ltr'>quae</span> <span class='ocrx_word' id='word_1_108' title='bbox 737 963 779 1003; x_wconf 90' lang='lat' dir='ltr'>in</span> <span class='ocrx_word' id='word_1_109' title='bbox 801 963 1063 1003; x_wconf 89' lang='lat' dir='ltr'>Bernardino</span> <span class='ocrx_word' id='word_1_110' title='bbox 1084 968 1126 1003; x_wconf 91' lang='lat' dir='ltr'>et</span> <span class='ocrx_word' id='word_1_111' title='bbox 1149 963 1431 1017; x_wconf 87' lang='lat' dir='ltr'>Ultrajectino</span> <span class='ocrx_word' id='word_1_112' title='bbox 1458 964 1564 1004; x_wconf 91' lang='lat' dir='ltr'>libro</span> <span class='ocrx_word' id='word_1_113' title='bbox 1591 965 1731 1019; x_wconf 85' lang='lat' dir='ltr'>legun—</span> 
     </span>
     <span class='ocr_line' id='line_1_14' title="bbox 228 1029 1730 1084; baseline 0.002 -16"><span class='ocrx_word' id='word_1_114' title='bbox 228 1033 311 1068; x_wconf 89' lang='lat' dir='ltr'>tur.</span> <span class='ocrx_word' id='word_1_115' title='bbox 346 1029 427 1069; x_wconf 89' lang='lat' dir='ltr'>Sed</span> <span class='ocrx_word' id='word_1_116' title='bbox 447 1029 587 1083; x_wconf 92' lang='lat' dir='ltr'>accepi</span> <span class='ocrx_word' id='word_1_117' title='bbox 608 1044 772 1083; x_wconf 91' lang='lat' dir='ltr'>quoque</span> <span class='ocrx_word' id='word_1_118' title='bbox 792 1030 834 1069; x_wconf 91' lang='lat' dir='ltr'>in</span> <span class='ocrx_word' id='word_1_119' title='bbox 856 1029 1017 1070; x_wconf 88' lang='lat' dir='ltr'>schedis</span> <span class='ocrx_word' id='word_1_120' title='bbox 1037 1030 1116 1070; x_wconf 87' lang='lat' dir='ltr'>illis</span> <span class='ocrx_word' id='word_1_121' title='bbox 1134 1030 1377 1084; x_wconf 86' lang='lat' dir='ltr'>Tayloranis</span> <span class='ocrx_word' id='word_1_122' title='bbox 1399 1030 1512 1071; x_wconf 91' lang='lat' dir='ltr'>aliud</span> <span class='ocrx_word' id='word_1_123' title='bbox 1529 1031 1730 1081; x_wconf 89' lang='lat' dir='ltr'>volumen,</span> 
     </span>
     <span class='ocr_line' id='line_1_15' title="bbox 229 1096 1730 1151; baseline 0.003 -17"><span class='ocrx_word' id='word_1_124' title='bbox 229 1109 310 1148; x_wconf 90' lang='lat' dir='ltr'>quo</span> <span class='ocrx_word' id='word_1_125' title='bbox 340 1100 558 1136; x_wconf 88' lang='lat' dir='ltr'>consutum</span> <span class='ocrx_word' id='word_1_126' title='bbox 589 1101 680 1137; x_wconf 86' lang='lat' dir='ltr'>erat</span> <span class='ocrx_word' id='word_1_127' title='bbox 711 1097 944 1150; x_wconf 83' lang='lat' dir='ltr'>exemplum</span> <span class='ocrx_word' id='word_1_128' title='bbox 971 1096 1240 1147; x_wconf 85' lang='lat' dir='ltr'>Timarcheae,</span> <span class='ocrx_word' id='word_1_129' title='bbox 1267 1111 1318 1137; x_wconf 84' lang='lat' dir='ltr'>ex</span> <span class='ocrx_word' id='word_1_130' title='bbox 1346 1097 1528 1138; x_wconf 90' lang='lat' dir='ltr'>editione</span> <span class='ocrx_word' id='word_1_131' title='bbox 1550 1097 1730 1151; x_wconf 84' lang='lat' dir='ltr'>Taylori,</span> 
     </span>
     <span class='ocr_line' id='line_1_16' title="bbox 228 1162 1733 1218; baseline 0.003 -17"><span class='ocrx_word' id='word_1_132' title='bbox 228 1162 386 1202; x_wconf 87' lang='lat' dir='ltr'>chartis</span> <span class='ocrx_word' id='word_1_133' title='bbox 406 1163 520 1216; x_wconf 89' lang='lat' dir='ltr'>puris</span> <span class='ocrx_word' id='word_1_134' title='bbox 535 1163 846 1218; x_wconf 88' lang='lat' dir='ltr'>interpolatum,</span> <span class='ocrx_word' id='word_1_135' title='bbox 865 1163 1016 1217; x_wconf 91' lang='lat' dir='ltr'>quibus</span> <span class='ocrx_word' id='word_1_136' title='bbox 1038 1163 1195 1204; x_wconf 87' lang='lat' dir='ltr'>chartis</span> <span class='ocrx_word' id='word_1_137' title='bbox 1212 1163 1366 1217; x_wconf 82' lang='lat' dir='ltr'>Taylor</span> <span class='ocrx_word' id='word_1_138' title='bbox 1381 1163 1515 1204; x_wconf 87' lang='lat' dir='ltr'>varias</span> <span class='ocrx_word' id='word_1_139' title='bbox 1536 1163 1733 1205; x_wconf 86' lang='lat' dir='ltr'>lectiones</span> 
     </span>
     <span class='ocr_line' id='line_1_17' title="bbox 229 1228 1732 1284; baseline 0.001 -16"><span class='ocrx_word' id='word_1_140' title='bbox 229 1228 441 1269; x_wconf 89' lang='lat' dir='ltr'>Meadiani</span> <span class='ocrx_word' id='word_1_141' title='bbox 473 1230 623 1270; x_wconf 88' lang='lat' dir='ltr'>codicis</span> <span class='ocrx_word' id='word_1_142' title='bbox 653 1231 707 1271; x_wconf 91' lang='lat' dir='ltr'>ad</span> <span class='ocrx_word' id='word_1_143' title='bbox 738 1230 849 1271; x_wconf 83' lang='lat' dir='ltr'>illam</span> <span class='ocrx_word' id='word_1_144' title='bbox 871 1230 1171 1279; x_wconf 87' lang='lat' dir='ltr'>Timarcheam,</span> <span class='ocrx_word' id='word_1_145' title='bbox 1194 1234 1237 1271; x_wconf 88' lang='lat' dir='ltr'>et</span> <span class='ocrx_word' id='word_1_146' title='bbox 1266 1234 1472 1284; x_wconf 85' lang='lat' dir='ltr'>praeterea</span> <span class='ocrx_word' id='word_1_147' title='bbox 1495 1230 1659 1271; x_wconf 85' lang='lat' dir='ltr'>Scholia</span> <span class='ocrx_word' id='word_1_148' title='bbox 1689 1231 1732 1271; x_wconf 93' lang='lat' dir='ltr'>in</span> 
     </span>
     <span class='ocr_line' id='line_1_18' title="bbox 227 1295 1732 1351; baseline 0.001 -15"><span class='ocrx_word' id='word_1_149' title='bbox 227 1295 401 1336; x_wconf 91' lang='lat' dir='ltr'>eandem</span> <span class='ocrx_word' id='word_1_150' title='bbox 431 1297 663 1337; x_wconf 89' lang='lat' dir='ltr'>orationem</span> <span class='ocrx_word' id='word_1_151' title='bbox 690 1312 741 1337; x_wconf 83' lang='lat' dir='ltr'>ex</span> <span class='ocrx_word' id='word_1_152' title='bbox 766 1297 912 1337; x_wconf 88' lang='lat' dir='ltr'>eodem</span> <span class='ocrx_word' id='word_1_153' title='bbox 939 1296 1079 1337; x_wconf 89' lang='lat' dir='ltr'>codice</span> <span class='ocrx_word' id='word_1_154' title='bbox 1109 1296 1244 1350; x_wconf 83' lang='lat' dir='ltr'>petita</span> <span class='ocrx_word' id='word_1_155' title='bbox 1270 1296 1553 1351; x_wconf 79' lang='lat' dir='ltr'>inscripserat,</span> <span class='ocrx_word' id='word_1_156' title='bbox 1575 1297 1628 1337; x_wconf 92' lang='lat' dir='ltr'>ab</span> <span class='ocrx_word' id='word_1_157' title='bbox 1653 1297 1732 1338; x_wconf 91' lang='lat' dir='ltr'>illis</span> 
     </span>
     <span class='ocr_line' id='line_1_19' title="bbox 227 1361 1727 1412; baseline 0.002 -10"><span class='ocrx_word' id='word_1_158' title='bbox 227 1361 475 1403; x_wconf 91' lang='lat' dir='ltr'>Bernardini</span> <span class='ocrx_word' id='word_1_159' title='bbox 495 1363 588 1403; x_wconf 88' lang='lat' dir='ltr'>libri</span> <span class='ocrx_word' id='word_1_160' title='bbox 611 1364 785 1404; x_wconf 87' lang='lat' dir='ltr'>Scholiis</span> <span class='ocrx_word' id='word_1_161' title='bbox 807 1363 982 1412; x_wconf 89' lang='lat' dir='ltr'>diversa,</span> <span class='ocrx_word' id='word_1_162' title='bbox 1005 1368 1048 1403; x_wconf 90' lang='lat' dir='ltr'>et</span> <span class='ocrx_word' id='word_1_163' title='bbox 1069 1377 1165 1403; x_wconf 90' lang='lat' dir='ltr'>raro</span> <span class='ocrx_word' id='word_1_164' title='bbox 1187 1377 1280 1403; x_wconf 90' lang='lat' dir='ltr'>cum</span> <span class='ocrx_word' id='word_1_165' title='bbox 1306 1363 1384 1403; x_wconf 84' lang='lat' dir='ltr'>illis</span> <span class='ocrx_word' id='word_1_166' title='bbox 1412 1363 1727 1405; x_wconf 85' lang='lat' dir='ltr'>consentientia.</span> 
     </span>
     <span class='ocr_line' id='line_1_20' title="bbox 229 1428 1732 1484; baseline 0.003 -16"><span class='ocrx_word' id='word_1_167' title='bbox 229 1428 395 1470; x_wconf 86' lang='lat' dir='ltr'>Scholia</span> <span class='ocrx_word' id='word_1_168' title='bbox 424 1444 446 1469; x_wconf 89' lang='lat' dir='ltr'>e</span> <span class='ocrx_word' id='word_1_169' title='bbox 477 1430 618 1470; x_wconf 88' lang='lat' dir='ltr'>codice</span> <span class='ocrx_word' id='word_1_170' title='bbox 646 1429 850 1471; x_wconf 88' lang='lat' dir='ltr'>Bernardi</span> <span class='ocrx_word' id='word_1_171' title='bbox 881 1430 1099 1483; x_wconf 88' lang='lat' dir='ltr'>depromta</span> <span class='ocrx_word' id='word_1_172' title='bbox 1129 1429 1319 1484; x_wconf 81' lang='lat' dir='ltr'>insignivi</span> <span class='ocrx_word' id='word_1_173' title='bbox 1348 1430 1472 1470; x_wconf 87' lang='lat' dir='ltr'>litera</span> <span class='ocrx_word' id='word_1_174' title='bbox 1493 1430 1542 1478; x_wconf 88' lang='lat' dir='ltr'>B,</span> <span class='ocrx_word' id='word_1_175' title='bbox 1565 1444 1587 1470; x_wconf 90' lang='lat' dir='ltr'>e</span> <span class='ocrx_word' id='word_1_176' title='bbox 1615 1431 1732 1472; x_wconf 82' lang='lat' dir='ltr'>Mea-</span> 
     </span>
     <span class='ocr_line' id='line_1_21' title="bbox 229 1496 452 1545; baseline 0.004 -10"><span class='ocrx_word' id='word_1_177' title='bbox 229 1496 364 1545; x_wconf 90' lang='lat' dir='ltr'>diano,</span> <span class='ocrx_word' id='word_1_178' title='bbox 390 1497 452 1536; x_wconf 93' lang='lat' dir='ltr'>M.</span> 
     </span>
    </p>

    <p class='ocr_par' dir='ltr' id='par_1_3' title="bbox 228 1563 1732 1886">
     <span class='ocr_line' id='line_1_22' title="bbox 286 1563 1732 1619; baseline 0.002 -17"><span class='ocrx_word' id='word_1_179' title='bbox 286 1563 346 1603; x_wconf 94' lang='lat' dir='ltr'>Hi</span> <span class='ocrx_word' id='word_1_180' title='bbox 367 1568 464 1603; x_wconf 88' lang='lat' dir='ltr'>sunt</span> <span class='ocrx_word' id='word_1_181' title='bbox 484 1564 632 1612; x_wconf 87' lang='lat' dir='ltr'>fontes,</span> <span class='ocrx_word' id='word_1_182' title='bbox 655 1579 677 1604; x_wconf 92' lang='lat' dir='ltr'>e</span> <span class='ocrx_word' id='word_1_183' title='bbox 698 1564 846 1618; x_wconf 88' lang='lat' dir='ltr'>quibus</span> <span class='ocrx_word' id='word_1_184' title='bbox 867 1578 975 1604; x_wconf 93' lang='lat' dir='ltr'>nunc</span> <span class='ocrx_word' id='word_1_185' title='bbox 996 1563 1112 1604; x_wconf 84' lang='lat' dir='ltr'>istaec</span> <span class='ocrx_word' id='word_1_186' title='bbox 1133 1564 1288 1605; x_wconf 88' lang='lat' dir='ltr'>scholia</span> <span class='ocrx_word' id='word_1_187' title='bbox 1309 1564 1351 1604; x_wconf 91' lang='lat' dir='ltr'>in</span> <span class='ocrx_word' id='word_1_188' title='bbox 1372 1564 1582 1619; x_wconf 88' lang='lat' dir='ltr'>publicum</span> <span class='ocrx_word' id='word_1_189' title='bbox 1604 1565 1732 1619; x_wconf 90' lang='lat' dir='ltr'>quali-</span> 
     </span>
     <span class='ocr_line' id='line_1_23' title="bbox 229 1630 1731 1685; baseline 0.003 -15"><span class='ocrx_word' id='word_1_190' title='bbox 229 1644 389 1684; x_wconf 88' lang='lat' dir='ltr'>cunque</span> <span class='ocrx_word' id='word_1_191' title='bbox 418 1630 649 1671; x_wconf 85' lang='lat' dir='ltr'>ministerio</span> <span class='ocrx_word' id='word_1_192' title='bbox 669 1645 761 1671; x_wconf 88' lang='lat' dir='ltr'>meo</span> <span class='ocrx_word' id='word_1_193' title='bbox 783 1635 991 1672; x_wconf 89' lang='lat' dir='ltr'>emanant.</span> <span class='ocrx_word' id='word_1_194' title='bbox 1052 1630 1165 1682; x_wconf 73' lang='lat' dir='ltr'>Quos</span> <span class='ocrx_word' id='word_1_195' title='bbox 1184 1631 1321 1671; x_wconf 87' lang='lat' dir='ltr'>fontes</span> <span class='ocrx_word' id='word_1_196' title='bbox 1343 1631 1413 1685; x_wconf 91' lang='lat' dir='ltr'>qui</span> <span class='ocrx_word' id='word_1_197' title='bbox 1433 1631 1532 1671; x_wconf 89' lang='lat' dir='ltr'>mihi</span> <span class='ocrx_word' id='word_1_198' title='bbox 1555 1632 1731 1674; x_wconf 84' lang='lat' dir='ltr'>recluse-</span> 
     </span>
     <span class='ocr_line' id='line_1_24' title="bbox 228 1697 1732 1752; baseline 0.003 -16"><span class='ocrx_word' id='word_1_199' title='bbox 228 1701 341 1747; x_wconf 84' lang='lat' dir='ltr'>runt,</span> <span class='ocrx_word' id='word_1_200' title='bbox 363 1697 483 1737; x_wconf 89' lang='lat' dir='ltr'>amici</span> <span class='ocrx_word' id='word_1_201' title='bbox 505 1697 728 1747; x_wconf 77' lang='lat' dir='ltr'>lectissimi,</span> <span class='ocrx_word' id='word_1_202' title='bbox 752 1698 803 1737; x_wconf 90' lang='lat' dir='ltr'>de</span> <span class='ocrx_word' id='word_1_203' title='bbox 823 1711 888 1737; x_wconf 91' lang='lat' dir='ltr'>me</span> <span class='ocrx_word' id='word_1_204' title='bbox 908 1697 1066 1752; x_wconf 88' lang='lat' dir='ltr'>pariter</span> <span class='ocrx_word' id='word_1_205' title='bbox 1086 1702 1130 1738; x_wconf 89' lang='lat' dir='ltr'>et</span> <span class='ocrx_word' id='word_1_206' title='bbox 1150 1698 1201 1737; x_wconf 89' lang='lat' dir='ltr'>de</span> <span class='ocrx_word' id='word_1_207' title='bbox 1221 1697 1352 1738; x_wconf 86' lang='lat' dir='ltr'>literis</span> <span class='ocrx_word' id='word_1_208' title='bbox 1383 1698 1545 1752; x_wconf 84' lang='lat' dir='ltr'>egregie</span> <span class='ocrx_word' id='word_1_209' title='bbox 1575 1699 1732 1740; x_wconf 90' lang='lat' dir='ltr'>meriti-</span> 
     </span>
     <span class='ocr_line' id='line_1_25' title="bbox 230 1763 1730 1818; baseline 0.004 -16"><span class='ocrx_word' id='word_1_210' title='bbox 230 1777 309 1817; x_wconf 90' lang='lat' dir='ltr'>que</span> <span class='ocrx_word' id='word_1_211' title='bbox 329 1763 663 1818; x_wconf 83' lang='lat' dir='ltr'>et-imposterum</span> <span class='ocrx_word' id='word_1_212' title='bbox 693 1763 893 1813; x_wconf 88' lang='lat' dir='ltr'>merituri,</span> <span class='ocrx_word' id='word_1_213' title='bbox 915 1764 1073 1818; x_wconf 83' lang='lat' dir='ltr'>gratias</span> <span class='ocrx_word' id='word_1_214' title='bbox 1093 1763 1154 1813; x_wconf 87' lang='lat' dir='ltr'>iis,</span> <span class='ocrx_word' id='word_1_215' title='bbox 1177 1779 1280 1818; x_wconf 87' lang='lat' dir='ltr'>quas</span> <span class='ocrx_word' id='word_1_216' title='bbox 1300 1764 1379 1805; x_wconf 93' lang='lat' dir='ltr'>hoc</span> <span class='ocrx_word' id='word_1_217' title='bbox 1400 1765 1564 1806; x_wconf 89' lang='lat' dir='ltr'>nomine</span> <span class='ocrx_word' id='word_1_218' title='bbox 1586 1767 1730 1817; x_wconf 83' lang='lat' dir='ltr'>debe0‚</span> 
     </span>
     <span class='ocr_line' id='line_1_26' title="bbox 229 1830 1521 1886; baseline 0.002 -16"><span class='ocrx_word' id='word_1_219' title='bbox 229 1843 309 1883; x_wconf 83' lang='lat' dir='ltr'>ago</span> <span class='ocrx_word' id='word_1_220' title='bbox 330 1830 546 1886; x_wconf 88' lang='lat' dir='ltr'>habeoque</span> <span class='ocrx_word' id='word_1_221' title='bbox 568 1845 669 1885; x_wconf 87' lang='lat' dir='ltr'>quas</span> <span class='ocrx_word' id='word_1_222' title='bbox 691 1844 859 1885; x_wconf 88' lang='lat' dir='ltr'>possum</span> <span class='ocrx_word' id='word_1_223' title='bbox 879 1830 1081 1871; x_wconf 85' lang='lat' dir='ltr'>maximas</span> <span class='ocrx_word' id='word_1_224' title='bbox 1103 1834 1145 1872; x_wconf 91' lang='lat' dir='ltr'>et</span> <span class='ocrx_word' id='word_1_225' title='bbox 1164 1830 1521 1872; x_wconf 83' lang='lat' dir='ltr'>luculentissimas.</span> 
     </span>
    </p>
   </div>
  </div>
 </body>
</html>
