<?xml version="1.0" encoding="UTF-8"?>
<!DOCTYPE html PUBLIC "-//W3C//DTD XHTML 1.0 Transitional//EN"
    "http://www.w3.org/TR/xhtml1/DTD/xhtml1-transitional.dtd">
<html xmlns="http://www.w3.org/1999/xhtml" xml:lang="en" lang="en">
 <head>
  <title>
</title>
<meta http-equiv="Content-Type" content="text/html;charset=utf-8" />
  <meta name='ocr-system' content='tesseract 3.04.00' />
  <meta name='ocr-capabilities' content='ocr_page ocr_carea ocr_par ocr_line ocrx_word'/>
</head>
<body>
  <div class='ocr_page' id='page_1' title='image "./scholiagraecaina00dinduoft_0014.png"; bbox 0 0 1893 3246; ppageno 0'>
   <div class='ocr_carea' id='block_1_1' title="bbox 227 113 1275 155">
    <p class='ocr_par' dir='ltr' id='par_1_1' title="bbox 227 113 1275 155">
     <span class='ocr_line' id='line_1_1' title="bbox 227 113 1275 155; baseline 0.004 -5"><span class='ocrx_word' id='word_1_1' title='bbox 227 126 253 150; x_wconf 85' lang='lat' dir='ltr'>x</span> <span class='ocrx_word' id='word_1_2' title='bbox 684 113 914 155; x_wconf 77' lang='lat' dir='ltr'>REISKH</span> <span class='ocrx_word' id='word_1_3' title='bbox 948 114 1275 155; x_wconf 82' lang='lat' dir='ltr'><strong>PRAEFATIO</strong></span> 
     </span>
    </p>
   </div>
   <div class='ocr_carea' id='block_1_2' title="bbox 223 218 1734 2279">
    <p class='ocr_par' dir='ltr' id='par_1_2' title="bbox 223 218 1734 2279">
     <span class='ocr_line' id='line_1_2' title="bbox 227 218 1731 274; baseline 0 -16"><span class='ocrx_word' id='word_1_4' title='bbox 227 233 346 272; x_wconf 88' lang='lat' dir='ltr'>paene</span> <span class='ocrx_word' id='word_1_5' title='bbox 370 220 521 259; x_wconf 88' lang='lat' dir='ltr'>stultos</span> <span class='ocrx_word' id='word_1_6' title='bbox 544 234 620 260; x_wconf 87' lang='lat' dir='ltr'>usu</span> <span class='ocrx_word' id='word_1_7' title='bbox 640 234 733 260; x_wconf 90' lang='lat' dir='ltr'>meo</span> <span class='ocrx_word' id='word_1_8' title='bbox 755 221 1131 274; x_wconf 75' lang='lat' dir='ltr'>deprehendissem.</span> <span class='ocrx_word' id='word_1_9' title='bbox 1195 221 1253 261; x_wconf 87' lang='lat' dir='ltr'>Et</span> <span class='ocrx_word' id='word_1_10' title='bbox 1283 221 1391 260; x_wconf 90' lang='lat' dir='ltr'>hunc</span> <span class='ocrx_word' id='word_1_11' title='bbox 1421 233 1584 274; x_wconf 87' lang='lat' dir='ltr'>quoque</span> <span class='ocrx_word' id='word_1_12' title='bbox 1615 218 1731 258; x_wconf 82' lang='lat' dir='ltr'>scho-</span> 
     </span>
     <span class='ocr_line' id='line_1_3' title="bbox 227 285 1730 337; baseline -0.001 -12"><span class='ocrx_word' id='word_1_13' title='bbox 227 285 393 326; x_wconf 88' lang='lat' dir='ltr'>liastam</span> <span class='ocrx_word' id='word_1_14' title='bbox 414 287 630 327; x_wconf 86' lang='lat' dir='ltr'>AEschinis</span> <span class='ocrx_word' id='word_1_15' title='bbox 661 288 895 328; x_wconf 85' lang='lat' dir='ltr'>fraterculis</span> <span class='ocrx_word' id='word_1_16' title='bbox 926 303 1015 329; x_wconf 88' lang='lat' dir='ltr'>esse</span> <span class='ocrx_word' id='word_1_17' title='bbox 1047 289 1308 337; x_wconf 88' lang='lat' dir='ltr'>simillimum,</span> <span class='ocrx_word' id='word_1_18' title='bbox 1332 287 1598 328; x_wconf 88' lang='lat' dir='ltr'>vehementer</span> <span class='ocrx_word' id='word_1_19' title='bbox 1617 285 1730 333; x_wconf 91' lang='lat' dir='ltr'>mihi,</span> 
     </span>
     <span class='ocr_line' id='line_1_4' title="bbox 229 353 1734 410; baseline -0.001 -17"><span class='ocrx_word' id='word_1_20' title='bbox 229 353 299 406; x_wconf 84' lang='lat' dir='ltr'>qui</span> <span class='ocrx_word' id='word_1_21' title='bbox 329 354 465 394; x_wconf 77' lang='lat' dir='ltr'>editor</span> <span class='ocrx_word' id='word_1_22' title='bbox 496 354 584 403; x_wconf 89' lang='lat' dir='ltr'>sim,</span> <span class='ocrx_word' id='word_1_23' title='bbox 617 355 813 408; x_wconf 72' lang='lat' dir='ltr'>doletque</span> <span class='ocrx_word' id='word_1_24' title='bbox 848 356 1060 410; x_wconf 79' lang='lat' dir='ltr'>pudetque</span> <span class='ocrx_word' id='word_1_25' title='bbox 1094 355 1231 396; x_wconf 85' lang='lat' dir='ltr'>fateri.</span> <span class='ocrx_word' id='word_1_26' title='bbox 1303 354 1540 394; x_wconf 88' lang='lat' dir='ltr'>Dodwellus</span> <span class='ocrx_word' id='word_1_27' title='bbox 1576 358 1734 402; x_wconf 78' lang='lat' dir='ltr'>tamen,</span> 
     </span>
     <span class='ocr_line' id='line_1_5' title="bbox 230 420 1730 476; baseline -0.001 -16"><span class='ocrx_word' id='word_1_28' title='bbox 230 420 459 467; x_wconf 84' lang='lat' dir='ltr'>Fabricius,</span> <span class='ocrx_word' id='word_1_29' title='bbox 484 421 842 471; x_wconf 88' lang='lat' dir='ltr'>Hemsterhusius,</span> <span class='ocrx_word' id='word_1_30' title='bbox 867 423 1081 476; x_wconf 80' lang='lat' dir='ltr'>Taylorus,</span> <span class='ocrx_word' id='word_1_31' title='bbox 1106 422 1422 476; x_wconf 80' lang='lat' dir='ltr'>Wesselingius,</span> <span class='ocrx_word' id='word_1_32' title='bbox 1445 420 1730 467; x_wconf 83' lang='lat' dir='ltr'>Ruhnkenius‚</span> 
     </span>
     <span class='ocr_line' id='line_1_6' title="bbox 230 486 1731 543; baseline -0.001 -17"><span class='ocrx_word' id='word_1_33' title='bbox 230 486 415 541; x_wconf 86' lang='lat' dir='ltr'>Toupius</span> <span class='ocrx_word' id='word_1_34' title='bbox 450 488 504 527; x_wconf 92' lang='lat' dir='ltr'>ad</span> <span class='ocrx_word' id='word_1_35' title='bbox 542 487 755 528; x_wconf 74' lang='lat' dir='ltr'>Theocriti</span> <span class='ocrx_word' id='word_1_36' title='bbox 793 489 1075 543; x_wconf 84' lang='lat' dir='ltr'>Syracusanas</span> <span class='ocrx_word' id='word_1_37' title='bbox 1108 504 1149 543; x_wconf 92' lang='lat' dir='ltr'>p.</span> <span class='ocrx_word' id='word_1_38' title='bbox 1176 502 1267 541; x_wconf 80' lang='lat'>239.</span> <span class='ocrx_word' id='word_1_39' title='bbox 1305 487 1460 542; x_wconf 87' lang='lat' dir='ltr'>passim</span> <span class='ocrx_word' id='word_1_40' title='bbox 1492 487 1731 530; x_wconf 73' lang='lat' dir='ltr'>laudarunt,</span> 
     </span>
     <span class='ocr_line' id='line_1_7' title="bbox 228 554 1733 610; baseline 0 -18"><span class='ocrx_word' id='word_1_41' title='bbox 228 567 403 607; x_wconf 88' lang='lat' dir='ltr'>eumque</span> <span class='ocrx_word' id='word_1_42' title='bbox 424 554 489 593; x_wconf 90' lang='lat' dir='ltr'>edi</span> <span class='ocrx_word' id='word_1_43' title='bbox 511 569 554 594; x_wconf 90' lang='lat' dir='ltr'>se</span> <span class='ocrx_word' id='word_1_44' title='bbox 576 555 677 595; x_wconf 88' lang='lat' dir='ltr'>velle</span> <span class='ocrx_word' id='word_1_45' title='bbox 705 571 791 610; x_wconf 76' lang='lat' dir='ltr'>prae</span> <span class='ocrx_word' id='word_1_46' title='bbox 814 571 856 597; x_wconf 91' lang='lat' dir='ltr'>se</span> <span class='ocrx_word' id='word_1_47' title='bbox 885 557 1085 598; x_wconf 87' lang='lat' dir='ltr'>tulerunt.</span> <span class='ocrx_word' id='word_1_48' title='bbox 1148 556 1226 607; x_wconf 72' lang='lat' dir='ltr'>Qui</span> <span class='ocrx_word' id='word_1_49' title='bbox 1243 555 1389 609; x_wconf 87' lang='lat' dir='ltr'>judicii</span> <span class='ocrx_word' id='word_1_50' title='bbox 1410 555 1471 594; x_wconf 89' lang='lat' dir='ltr'>sui</span> <span class='ocrx_word' id='word_1_51' title='bbox 1494 569 1587 593; x_wconf 79' lang='lat' dir='ltr'>culn</span> <span class='ocrx_word' id='word_1_52' title='bbox 1608 554 1733 593; x_wconf 91' lang='lat' dir='ltr'>fidem</span> 
     </span>
     <span class='ocr_line' id='line_1_8' title="bbox 228 620 1733 676; baseline 0 -17"><span class='ocrx_word' id='word_1_53' title='bbox 228 620 504 670; x_wconf 86' lang='lat' dir='ltr'>sustinebunt,</span> <span class='ocrx_word' id='word_1_54' title='bbox 530 626 616 662; x_wconf 90' lang='lat' dir='ltr'>tum</span> <span class='ocrx_word' id='word_1_55' title='bbox 645 636 781 676; x_wconf 80' lang='lat' dir='ltr'>operae</span> <span class='ocrx_word' id='word_1_56' title='bbox 812 638 837 664; x_wconf 86' lang='lat' dir='ltr'>a</span> <span class='ocrx_word' id='word_1_57' title='bbox 867 638 932 663; x_wconf 91' lang='grc'><strong>1116</strong></span> <span class='ocrx_word' id='word_1_58' title='bbox 963 623 1005 663; x_wconf 85' lang='grc'>111</span> <span class='ocrx_word' id='word_1_59' title='bbox 1036 638 1084 662; x_wconf 90' lang='grc'><strong>60</strong></span> <span class='ocrx_word' id='word_1_60' title='bbox 1115 623 1275 662; x_wconf 89' lang='lat' dir='ltr'>edendo</span> <span class='ocrx_word' id='word_1_61' title='bbox 1306 626 1508 675; x_wconf 86' lang='lat' dir='ltr'>susceptae</span> <span class='ocrx_word' id='word_1_62' title='bbox 1534 620 1733 661; x_wconf 88' lang='lat' dir='ltr'>vindicias</span> 
     </span>
     <span class='ocr_line' id='line_1_9' title="bbox 227 689 1732 744; baseline 0.001 -17"><span class='ocrx_word' id='word_1_63' title='bbox 227 689 500 741; x_wconf 83' lang='lat' dir='ltr'>praestabunt.</span> <span class='ocrx_word' id='word_1_64' title='bbox 568 690 805 731; x_wconf 83' lang='lat' dir='ltr'>Oernebant</span> <span class='ocrx_word' id='word_1_65' title='bbox 836 691 993 732; x_wconf 90' lang='lat' dir='ltr'>scilicet</span> <span class='ocrx_word' id='word_1_66' title='bbox 1013 691 1088 731; x_wconf 90' lang='lat' dir='ltr'>viri</span> <span class='ocrx_word' id='word_1_67' title='bbox 1117 690 1174 730; x_wconf 93' lang='lat' dir='ltr'>illi</span> <span class='ocrx_word' id='word_1_68' title='bbox 1203 689 1314 730; x_wconf 88' lang='lat' dir='ltr'>docti</span> <span class='ocrx_word' id='word_1_69' title='bbox 1347 704 1492 743; x_wconf 87' lang='lat' dir='ltr'>sparsa</span> <span class='ocrx_word' id='word_1_70' title='bbox 1522 704 1597 744; x_wconf 86' lang='lat' dir='ltr'>per</span> <span class='ocrx_word' id='word_1_71' title='bbox 1623 690 1732 729; x_wconf 88' lang='lat' dir='ltr'>hune</span> 
     </span>
     <span class='ocr_line' id='line_1_10' title="bbox 229 754 1732 819; baseline 0.002 -26"><span class='ocrx_word' id='word_1_72' title='bbox 229 754 505 795; x_wconf 89' lang='lat' dir='ltr'>Scholiastam</span> <span class='ocrx_word' id='word_1_73' title='bbox 533 756 622 796; x_wconf 90' lang='lat' dir='ltr'>auri</span> <span class='ocrx_word' id='word_1_74' title='bbox 645 758 835 810; x_wconf 80' lang='lat' dir='ltr'>quaedam</span> <span class='ocrx_word' id='word_1_75' title='bbox 863 762 1067 808; x_wconf 82' lang='lat' dir='ltr'>ramenta,</span> <span class='ocrx_word' id='word_1_76' title='bbox 1090 772 1141 798; x_wconf 84' lang='lat' dir='ltr'>ex</span> <span class='ocrx_word' id='word_1_77' title='bbox 1164 757 1242 797; x_wconf 91' lang='lat' dir='ltr'>illis</span> <span class='ocrx_word' id='word_1_78' title='bbox 1263 757 1553 797; x_wconf 85' lang='lat' dir='ltr'>vetustissimis</span> <span class='ocrx_word' id='word_1_79' title='bbox 1573 762 1732 819; x_wconf 48' lang='lat' dir='ltr'>tympo-</span> 
     </span>
     <span class='ocr_line' id='line_1_11' title="bbox 226 821 1733 877; baseline 0.001 -17"><span class='ocrx_word' id='word_1_80' title='bbox 226 821 342 861; x_wconf 88' lang='lat' dir='ltr'>ribus</span> <span class='ocrx_word' id='word_1_81' title='bbox 365 821 586 876; x_wconf 78' lang='lat' dir='ltr'>Augusteo</span> <span class='ocrx_word' id='word_1_82' title='bbox 606 837 695 863; x_wconf 81' lang='lat' dir='ltr'>aevo</span> <span class='ocrx_word' id='word_1_83' title='bbox 716 824 826 864; x_wconf 91' lang='lat' dir='ltr'>ultro</span> <span class='ocrx_word' id='word_1_84' title='bbox 849 824 1005 865; x_wconf 89' lang='lat' dir='ltr'>citrove</span> <span class='ocrx_word' id='word_1_85' title='bbox 1025 824 1225 871; x_wconf 87' lang='lat' dir='ltr'>finitimis,</span> <span class='ocrx_word' id='word_1_86' title='bbox 1248 824 1386 864; x_wconf 89' lang='lat' dir='ltr'>nescio</span> <span class='ocrx_word' id='word_1_87' title='bbox 1407 838 1489 877; x_wconf 92' lang='lat' dir='ltr'>quo</span> <span class='ocrx_word' id='word_1_88' title='bbox 1509 838 1622 872; x_wconf 81' lang='lat' dir='ltr'>casu,</span> <span class='ocrx_word' id='word_1_89' title='bbox 1639 837 1733 863; x_wconf 88' lang='lat' dir='ltr'>con-</span> 
     </span>
     <span class='ocr_line' id='line_1_12' title="bbox 228 888 1732 945; baseline 0.002 -18"><span class='ocrx_word' id='word_1_90' title='bbox 228 892 432 928; x_wconf 70' lang='lat' dir='ltr'>servataa.</span> <span class='ocrx_word' id='word_1_91' title='bbox 484 888 585 939; x_wconf 71' lang='lat' dir='ltr'>Quae</span> <span class='ocrx_word' id='word_1_92' title='bbox 616 903 722 938; x_wconf 89' lang='lat' dir='ltr'>cum,</span> <span class='ocrx_word' id='word_1_93' title='bbox 754 895 802 931; x_wconf 92' lang='lat' dir='ltr'>ut</span> <span class='ocrx_word' id='word_1_94' title='bbox 832 905 909 945; x_wconf 88' lang='lat' dir='ltr'>par</span> <span class='ocrx_word' id='word_1_95' title='bbox 939 895 1042 939; x_wconf 90' lang='lat' dir='ltr'>erat,</span> <span class='ocrx_word' id='word_1_96' title='bbox 1072 890 1325 930; x_wconf 74' lang='lat' dir='ltr'>mirarentur</span> <span class='ocrx_word' id='word_1_97' title='bbox 1354 895 1482 944; x_wconf 90' lang='lat' dir='ltr'>atque</span> <span class='ocrx_word' id='word_1_98' title='bbox 1512 891 1732 944; x_wconf 89' lang='lat' dir='ltr'>amplecte-</span> 
     </span>
     <span class='ocr_line' id='line_1_13' title="bbox 228 955 1734 1011; baseline 0.002 -18"><span class='ocrx_word' id='word_1_99' title='bbox 228 958 388 1003; x_wconf 79' lang='lat' dir='ltr'>rentur,</span> <span class='ocrx_word' id='word_1_100' title='bbox 416 955 560 1008; x_wconf 85' lang='lat' dir='ltr'>judicii</span> <span class='ocrx_word' id='word_1_101' title='bbox 593 957 772 1010; x_wconf 87' lang='lat' dir='ltr'>quadam</span> <span class='ocrx_word' id='word_1_102' title='bbox 807 957 1074 997; x_wconf 83' lang='lat' dir='ltr'>festinatione</span> <span class='ocrx_word' id='word_1_103' title='bbox 1110 957 1268 1011; x_wconf 87' lang='lat' dir='ltr'>reliqua</span> <span class='ocrx_word' id='word_1_104' title='bbox 1303 971 1466 1010; x_wconf 87' lang='lat' dir='ltr'>quoque</span> <span class='ocrx_word' id='word_1_105' title='bbox 1497 957 1635 997; x_wconf 90' lang='lat' dir='ltr'>omnia</span> <span class='ocrx_word' id='word_1_106' title='bbox 1669 957 1734 996; x_wconf 89' lang='lat' dir='ltr'>his</span> 
     </span>
     <span class='ocr_line' id='line_1_14' title="bbox 226 1021 1734 1077; baseline 0.001 -17"><span class='ocrx_word' id='word_1_107' title='bbox 226 1021 331 1061; x_wconf 86' lang='lat' dir='ltr'>raris</span> <span class='ocrx_word' id='word_1_108' title='bbox 353 1026 395 1061; x_wconf 91' lang='lat' dir='ltr'>et</span> <span class='ocrx_word' id='word_1_109' title='bbox 415 1022 535 1062; x_wconf 78' lang='lat' dir='ltr'>facile</span> <span class='ocrx_word' id='word_1_110' title='bbox 557 1023 823 1063; x_wconf 80' lang='lat' dir='ltr'>numerandis</span> <span class='ocrx_word' id='word_1_111' title='bbox 843 1023 1090 1077; x_wconf 75' lang='lat' dir='ltr'>fragmentis</span> <span class='ocrx_word' id='word_1_112' title='bbox 1119 1023 1266 1064; x_wconf 80' lang='lat' dir='ltr'>similia</span> <span class='ocrx_word' id='word_1_113' title='bbox 1293 1038 1382 1063; x_wconf 89' lang='lat' dir='ltr'>esse</span> <span class='ocrx_word' id='word_1_114' title='bbox 1413 1024 1734 1075; x_wconf 88' lang='lat' dir='ltr'>suspicabantur</span> 
     </span>
     <span class='ocr_line' id='line_1_15' title="bbox 227 1088 1734 1143; baseline 0.002 -17"><span class='ocrx_word' id='word_1_115' title='bbox 227 1088 359 1141; x_wconf 84' lang='lat' dir='ltr'>magis</span> <span class='ocrx_word' id='word_1_116' title='bbox 390 1094 516 1141; x_wconf 88' lang='lat' dir='ltr'>atque</span> <span class='ocrx_word' id='word_1_117' title='bbox 547 1091 775 1142; x_wconf 77' lang='lat' dir='ltr'>sperabant</span> <span class='ocrx_word' id='word_1_118' title='bbox 801 1105 925 1143; x_wconf 90' lang='lat' dir='ltr'>quam</span> <span class='ocrx_word' id='word_1_119' title='bbox 956 1094 1071 1130; x_wconf 86' lang='lat' dir='ltr'>certo</span> <span class='ocrx_word' id='word_1_120' title='bbox 1103 1090 1303 1130; x_wconf 75' lang='lat' dir='ltr'>sciebant.</span> <span class='ocrx_word' id='word_1_121' title='bbox 1366 1090 1424 1130; x_wconf 85' lang='lat' dir='ltr'>Et</span> <span class='ocrx_word' id='word_1_122' title='bbox 1445 1090 1563 1130; x_wconf 86' lang='lat' dir='ltr'>valde</span> <span class='ocrx_word' id='word_1_123' title='bbox 1590 1104 1734 1130; x_wconf 88' lang='lat' dir='ltr'>vereor</span> 
     </span>
     <span class='ocr_line' id='line_1_16' title="bbox 226 1154 1733 1205; baseline 0.003 -13"><span class='ocrx_word' id='word_1_124' title='bbox 226 1168 278 1193; x_wconf 92' lang='lat' dir='ltr'>ne</span> <span class='ocrx_word' id='word_1_125' title='bbox 308 1154 421 1194; x_wconf 88' lang='lat' dir='ltr'>brevi</span> <span class='ocrx_word' id='word_1_126' title='bbox 451 1155 527 1195; x_wconf 88' lang='lat' dir='ltr'>fiat</span> <span class='ocrx_word' id='word_1_127' title='bbox 557 1160 605 1196; x_wconf 92' lang='lat' dir='ltr'>ut</span> <span class='ocrx_word' id='word_1_128' title='bbox 635 1156 813 1197; x_wconf 77' lang='lat' dir='ltr'>exsistat</span> <span class='ocrx_word' id='word_1_129' title='bbox 841 1157 902 1197; x_wconf 87' lang='lat' dir='ltr'>vir</span> <span class='ocrx_word' id='word_1_130' title='bbox 931 1157 1093 1205; x_wconf 87' lang='lat' dir='ltr'>doctus,</span> <span class='ocrx_word' id='word_1_131' title='bbox 1128 1157 1456 1198; x_wconf 82' lang='lat' dir='ltr'>Scholiastarum</span> <span class='ocrx_word' id='word_1_132' title='bbox 1487 1162 1529 1197; x_wconf 91' lang='lat' dir='ltr'>et</span> <span class='ocrx_word' id='word_1_133' title='bbox 1562 1157 1733 1197; x_wconf 83' lang='lat' dir='ltr'>Lexico-</span> 
     </span>
     <span class='ocr_line' id='line_1_17' title="bbox 225 1221 1734 1278; baseline 0.004 -19"><span class='ocrx_word' id='word_1_134' title='bbox 225 1221 483 1275; x_wconf 81' lang='lat' dir='ltr'>graphorum</span> <span class='ocrx_word' id='word_1_135' title='bbox 514 1222 739 1271; x_wconf 87' lang='lat' dir='ltr'>familiaris,</span> <span class='ocrx_word' id='word_1_136' title='bbox 773 1223 842 1277; x_wconf 85' lang='lat' dir='ltr'>qui</span> <span class='ocrx_word' id='word_1_137' title='bbox 874 1223 942 1264; x_wconf 88' lang='lat' dir='ltr'>illa</span> <span class='ocrx_word' id='word_1_138' title='bbox 976 1223 1064 1277; x_wconf 88' lang='lat' dir='ltr'>ipsa</span> <span class='ocrx_word' id='word_1_139' title='bbox 1097 1224 1259 1272; x_wconf 90' lang='lat' dir='ltr'>decora,</span> <span class='ocrx_word' id='word_1_140' title='bbox 1293 1239 1384 1278; x_wconf 76' lang='lat' dir='ltr'>quae</span> <span class='ocrx_word' id='word_1_141' title='bbox 1420 1239 1530 1265; x_wconf 91' lang='lat' dir='ltr'>nunc</span> <span class='ocrx_word' id='word_1_142' title='bbox 1566 1224 1734 1278; x_wconf 84' lang='lat' dir='ltr'>propria</span> 
     </span>
     <span class='ocr_line' id='line_1_18' title="bbox 226 1288 1732 1345; baseline 0.003 -19"><span class='ocrx_word' id='word_1_143' title='bbox 226 1292 370 1327; x_wconf 91' lang='lat' dir='ltr'>nostro</span> <span class='ocrx_word' id='word_1_144' title='bbox 403 1288 663 1335; x_wconf 76' lang='lat' dir='ltr'>Schofiastae,</span> <span class='ocrx_word' id='word_1_145' title='bbox 696 1290 854 1330; x_wconf 60' lang='lat' dir='ltr'>indicta</span> <span class='ocrx_word' id='word_1_146' title='bbox 886 1291 1023 1330; x_wconf 89' lang='lat' dir='ltr'>adhuc</span> <span class='ocrx_word' id='word_1_147' title='bbox 1056 1295 1099 1330; x_wconf 90' lang='lat' dir='ltr'>et</span> <span class='ocrx_word' id='word_1_148' title='bbox 1132 1291 1324 1345; x_wconf 80' lang='lat' dir='ltr'>ignorata</span> <span class='ocrx_word' id='word_1_149' title='bbox 1356 1305 1537 1344; x_wconf 90' lang='lat' dir='ltr'>prorsus,</span> <span class='ocrx_word' id='word_1_150' title='bbox 1561 1296 1604 1331; x_wconf 94' lang='lat' dir='ltr'>et</span> <span class='ocrx_word' id='word_1_151' title='bbox 1638 1306 1732 1330; x_wconf 85' lang='lat' dir='ltr'>nus-</span> 
     </span>
     <span class='ocr_line' id='line_1_19' title="bbox 227 1355 1732 1412; baseline 0.003 -19"><span class='ocrx_word' id='word_1_152' title='bbox 227 1368 351 1407; x_wconf 87' lang='lat' dir='ltr'>quam</span> <span class='ocrx_word' id='word_1_153' title='bbox 389 1355 574 1395; x_wconf 90' lang='lat' dir='ltr'>locorum</span> <span class='ocrx_word' id='word_1_154' title='bbox 613 1357 862 1410; x_wconf 86' lang='lat' dir='ltr'>reperiunda</span> <span class='ocrx_word' id='word_1_155' title='bbox 902 1357 1119 1407; x_wconf 86' lang='lat' dir='ltr'>credimus,</span> <span class='ocrx_word' id='word_1_156' title='bbox 1157 1372 1206 1397; x_wconf 85' lang='lat' dir='ltr'>ex</span> <span class='ocrx_word' id='word_1_157' title='bbox 1245 1358 1396 1412; x_wconf 81' lang='lat' dir='ltr'>angulo</span> <span class='ocrx_word' id='word_1_158' title='bbox 1437 1358 1575 1398; x_wconf 86' lang='lat' dir='ltr'>nescio</span> <span class='ocrx_word' id='word_1_159' title='bbox 1615 1359 1732 1412; x_wconf 89' lang='lat' dir='ltr'>cujus</span> 
     </span>
     <span class='ocr_line' id='line_1_20' title="bbox 228 1420 1732 1478; baseline 0.004 -19"><span class='ocrx_word' id='word_1_160' title='bbox 228 1420 369 1460; x_wconf 82' lang='lat' dir='ltr'>Lexici</span> <span class='ocrx_word' id='word_1_161' title='bbox 397 1426 472 1462; x_wconf 86' lang='lat' dir='ltr'>aut</span> <span class='ocrx_word' id='word_1_162' title='bbox 494 1422 767 1463; x_wconf 84' lang='lat' dir='ltr'>Grammatici</span> <span class='ocrx_word' id='word_1_163' title='bbox 799 1424 955 1464; x_wconf 91' lang='lat' dir='ltr'>dudum</span> <span class='ocrx_word' id='word_1_164' title='bbox 987 1424 1087 1464; x_wconf 90' lang='lat' dir='ltr'>editi</span> <span class='ocrx_word' id='word_1_165' title='bbox 1119 1430 1253 1473; x_wconf 88' lang='lat' dir='ltr'>eruat,</span> <span class='ocrx_word' id='word_1_166' title='bbox 1277 1425 1514 1478; x_wconf 90' lang='lat' dir='ltr'>dudumque</span> <span class='ocrx_word' id='word_1_167' title='bbox 1544 1425 1659 1465; x_wconf 90' lang='lat' dir='ltr'>edita</span> <span class='ocrx_word' id='word_1_168' title='bbox 1690 1430 1732 1465; x_wconf 83' lang='lat' dir='ltr'>et</span> 
     </span>
     <span class='ocr_line' id='line_1_21' title="bbox 225 1487 1732 1545; baseline 0.003 -18"><span class='ocrx_word' id='word_1_169' title='bbox 225 1487 347 1528; x_wconf 86' lang='lat' dir='ltr'>obvia</span> <span class='ocrx_word' id='word_1_170' title='bbox 367 1488 627 1530; x_wconf 84' lang='lat' dir='ltr'>demonstret</span> <span class='ocrx_word' id='word_1_171' title='bbox 650 1504 698 1530; x_wconf 90' lang='lat' dir='ltr'>ea</span> <span class='ocrx_word' id='word_1_172' title='bbox 719 1505 820 1539; x_wconf 88' lang='lat' dir='ltr'>esse,</span> <span class='ocrx_word' id='word_1_173' title='bbox 845 1505 1021 1544; x_wconf 89' lang='lat' dir='ltr'>quorum</span> <span class='ocrx_word' id='word_1_174' title='bbox 1052 1505 1126 1531; x_wconf 89' lang='lat' dir='ltr'>nos</span> <span class='ocrx_word' id='word_1_175' title='bbox 1158 1491 1275 1531; x_wconf 81' lang='lat' dir='ltr'>stulti</span> <span class='ocrx_word' id='word_1_176' title='bbox 1300 1491 1529 1531; x_wconf 89' lang='lat' dir='ltr'>novitatem</span> <span class='ocrx_word' id='word_1_177' title='bbox 1550 1496 1594 1531; x_wconf 91' lang='lat' dir='ltr'>et</span> <span class='ocrx_word' id='word_1_178' title='bbox 1614 1506 1732 1545; x_wconf 85' lang='lat' dir='ltr'>paene</span> 
     </span>
     <span class='ocr_line' id='line_1_22' title="bbox 226 1556 1731 1610; baseline 0.003 -15"><span class='ocrx_word' id='word_1_179' title='bbox 226 1556 401 1606; x_wconf 83' lang='grc' dir='ltr'>θειότητα</span> <span class='ocrx_word' id='word_1_180' title='bbox 428 1561 644 1610; x_wconf 84' lang='lat' dir='ltr'>stupentes</span> <span class='ocrx_word' id='word_1_181' title='bbox 666 1572 923 1598; x_wconf 85' lang='lat' dir='ltr'>veneramur.</span> <span class='ocrx_word' id='word_1_182' title='bbox 989 1559 1051 1598; x_wconf 87' lang='lat' dir='ltr'>Tu</span> <span class='ocrx_word' id='word_1_183' title='bbox 1073 1573 1181 1607; x_wconf 85' lang='lat' dir='ltr'>vero,</span> <span class='ocrx_word' id='word_1_184' title='bbox 1204 1559 1277 1608; x_wconf 87' lang='lat' dir='ltr'>ait,</span> <span class='ocrx_word' id='word_1_185' title='bbox 1300 1573 1374 1599; x_wconf 90' lang='lat' dir='ltr'>cur</span> <span class='ocrx_word' id='word_1_186' title='bbox 1394 1559 1556 1599; x_wconf 90' lang='lat' dir='ltr'>delectu</span> <span class='ocrx_word' id='word_1_187' title='bbox 1584 1574 1667 1599; x_wconf 91' lang='lat' dir='ltr'>non</span> <span class='ocrx_word' id='word_1_188' title='bbox 1688 1574 1731 1600; x_wconf 88' lang='lat' dir='ltr'>es</span> 
     </span>
     <span class='ocr_line' id='line_1_23' title="bbox 224 1623 1731 1679; baseline 0.003 -17"><span class='ocrx_word' id='word_1_189' title='bbox 224 1624 348 1663; x_wconf 72' lang='lat' dir='ltr'>usus?</span> <span class='ocrx_word' id='word_1_190' title='bbox 380 1623 575 1664; x_wconf 82' lang='lat' dir='ltr'>Profecto</span> <span class='ocrx_word' id='word_1_191' title='bbox 598 1625 779 1664; x_wconf 88' lang='lat' dir='ltr'>seculum</span> <span class='ocrx_word' id='word_1_192' title='bbox 799 1625 877 1665; x_wconf 87' lang='lat' dir='ltr'>hoc</span> <span class='ocrx_word' id='word_1_193' title='bbox 899 1626 1064 1679; x_wconf 83' lang='lat' dir='ltr'>ignoret</span> <span class='ocrx_word' id='word_1_194' title='bbox 1086 1640 1250 1666; x_wconf 90' lang='lat' dir='ltr'>necesse</span> <span class='ocrx_word' id='word_1_195' title='bbox 1273 1630 1349 1672; x_wconf 87' lang='lat' dir='ltr'>est,</span> <span class='ocrx_word' id='word_1_196' title='bbox 1373 1625 1443 1679; x_wconf 91' lang='lat' dir='ltr'>qui</span> <span class='ocrx_word' id='word_1_197' title='bbox 1466 1630 1617 1679; x_wconf 83' lang='lat' dir='ltr'>speret,</span> <span class='ocrx_word' id='word_1_198' title='bbox 1640 1630 1688 1666; x_wconf 91' lang='lat' dir='ltr'>ut</span> <span class='ocrx_word' id='word_1_199' title='bbox 1709 1641 1731 1666; x_wconf 93' lang='lat' dir='ltr'>e</span> 
     </span>
     <span class='ocr_line' id='line_1_24' title="bbox 224 1689 1731 1745; baseline 0.003 -18"><span class='ocrx_word' id='word_1_200' title='bbox 224 1689 475 1728; x_wconf 87' lang='lat' dir='ltr'>membranis</span> <span class='ocrx_word' id='word_1_201' title='bbox 496 1695 714 1743; x_wconf 82' lang='lat' dir='ltr'>excerptas</span> <span class='ocrx_word' id='word_1_202' title='bbox 737 1691 939 1743; x_wconf 87' lang='lat' dir='ltr'>quasdam</span> <span class='ocrx_word' id='word_1_203' title='bbox 961 1691 1127 1731; x_wconf 89' lang='lat' dir='ltr'>notulas</span> <span class='ocrx_word' id='word_1_204' title='bbox 1148 1692 1361 1744; x_wconf 87' lang='lat' dir='ltr'>proferens</span> <span class='ocrx_word' id='word_1_205' title='bbox 1377 1691 1521 1745; x_wconf 87' lang='lat' dir='ltr'>judicii</span> <span class='ocrx_word' id='word_1_206' title='bbox 1544 1692 1605 1731; x_wconf 89' lang='lat' dir='ltr'>sui</span> <span class='ocrx_word' id='word_1_207' title='bbox 1628 1692 1731 1732; x_wconf 90' lang='lat' dir='ltr'>veri-</span> 
     </span>
     <span class='ocr_line' id='line_1_25' title="bbox 223 1755 1731 1811; baseline 0.003 -18"><span class='ocrx_word' id='word_1_208' title='bbox 223 1758 356 1794; x_wconf 87' lang='lat' dir='ltr'>tatem</span> <span class='ocrx_word' id='word_1_209' title='bbox 387 1755 576 1795; x_wconf 88' lang='lat' dir='ltr'>omnibus</span> <span class='ocrx_word' id='word_1_210' title='bbox 611 1757 830 1810; x_wconf 88' lang='lat' dir='ltr'>approbet.</span> <span class='ocrx_word' id='word_1_211' title='bbox 901 1757 1050 1811; x_wconf 84' lang='lat' dir='ltr'>Operae</span> <span class='ocrx_word' id='word_1_212' title='bbox 1086 1757 1266 1811; x_wconf 85' lang='lat' dir='ltr'>pretium</span> <span class='ocrx_word' id='word_1_213' title='bbox 1305 1758 1416 1798; x_wconf 90' lang='lat' dir='ltr'>haud</span> <span class='ocrx_word' id='word_1_214' title='bbox 1446 1758 1587 1798; x_wconf 86' lang='lat' dir='ltr'>faciet.</span> <span class='ocrx_word' id='word_1_215' title='bbox 1647 1759 1731 1798; x_wconf 90' lang='lat' dir='ltr'>Pro</span> 
     </span>
     <span class='ocr_line' id='line_1_26' title="bbox 223 1821 1730 1876; baseline 0.004 -17"><span class='ocrx_word' id='word_1_216' title='bbox 223 1821 346 1861; x_wconf 90' lang='lat' dir='ltr'>laude</span> <span class='ocrx_word' id='word_1_217' title='bbox 368 1822 554 1874; x_wconf 81' lang='lat' dir='ltr'>querelas</span> <span class='ocrx_word' id='word_1_218' title='bbox 576 1823 730 1871; x_wconf 81' lang='lat' dir='ltr'>audiet,</span> <span class='ocrx_word' id='word_1_219' title='bbox 754 1837 836 1862; x_wconf 88' lang='lat' dir='ltr'>non</span> <span class='ocrx_word' id='word_1_220' title='bbox 857 1838 1096 1876; x_wconf 87' lang='lat' dir='ltr'>paucorum,</span> <span class='ocrx_word' id='word_1_221' title='bbox 1119 1824 1192 1863; x_wconf 90' lang='lat' dir='ltr'>sed</span> <span class='ocrx_word' id='word_1_222' title='bbox 1213 1828 1328 1864; x_wconf 89' lang='lat' dir='ltr'>certo</span> <span class='ocrx_word' id='word_1_223' title='bbox 1350 1824 1502 1864; x_wconf 87' lang='lat' dir='ltr'>certius</span> <span class='ocrx_word' id='word_1_224' title='bbox 1534 1825 1730 1865; x_wconf 88' lang='lat' dir='ltr'>omnium.</span> 
     </span>
     <span class='ocr_line' id='line_1_27' title="bbox 224 1887 1729 1945; baseline 0.003 -19"><span class='ocrx_word' id='word_1_225' title='bbox 224 1887 487 1941; x_wconf 80' lang='lat' dir='ltr'>Consurgent</span> <span class='ocrx_word' id='word_1_226' title='bbox 508 1888 549 1927; x_wconf 90' lang='lat' dir='ltr'>in</span> <span class='ocrx_word' id='word_1_227' title='bbox 571 1902 676 1935; x_wconf 89' lang='lat' dir='ltr'>eum,</span> <span class='ocrx_word' id='word_1_228' title='bbox 699 1894 742 1929; x_wconf 88' lang='lat' dir='ltr'>et</span> <span class='ocrx_word' id='word_1_229' title='bbox 764 1889 1113 1938; x_wconf 85' lang='lat' dir='ltr'>convitiabuntur,</span> <span class='ocrx_word' id='word_1_230' title='bbox 1136 1891 1352 1931; x_wconf 79' lang='lat' dir='ltr'>fraudatos</span> <span class='ocrx_word' id='word_1_231' title='bbox 1385 1905 1428 1930; x_wconf 89' lang='grc'>56</span> <span class='ocrx_word' id='word_1_232' title='bbox 1449 1891 1608 1944; x_wconf 89' lang='lat' dir='ltr'>optima</span> <span class='ocrx_word' id='word_1_233' title='bbox 1635 1907 1729 1945; x_wconf 88' lang='lat' dir='ltr'>par-</span> 
     </span>
     <span class='ocr_line' id='line_1_28' title="bbox 224 1953 1731 2012; baseline 0.004 -20"><span class='ocrx_word' id='word_1_234' title='bbox 224 1957 292 2000; x_wconf 73' lang='lat' dir='ltr'>te,</span> <span class='ocrx_word' id='word_1_235' title='bbox 326 1953 527 1994; x_wconf 87' lang='lat' dir='ltr'>editorem</span> <span class='ocrx_word' id='word_1_236' title='bbox 544 1954 699 2007; x_wconf 88' lang='lat' dir='ltr'>judicio</span> <span class='ocrx_word' id='word_1_237' title='bbox 721 1956 916 2003; x_wconf 88' lang='lat' dir='ltr'>caruisse,</span> <span class='ocrx_word' id='word_1_238' title='bbox 939 1961 982 1996; x_wconf 89' lang='lat' dir='ltr'>et</span> <span class='ocrx_word' id='word_1_239' title='bbox 1009 1957 1119 1997; x_wconf 84' lang='lat' dir='ltr'>mala</span> <span class='ocrx_word' id='word_1_240' title='bbox 1150 1957 1232 1996; x_wconf 91' lang='lat' dir='ltr'>fide</span> <span class='ocrx_word' id='word_1_241' title='bbox 1264 1971 1403 1996; x_wconf 88' lang='lat' dir='ltr'>secum</span> <span class='ocrx_word' id='word_1_242' title='bbox 1431 1957 1576 2011; x_wconf 81' lang='lat' dir='ltr'>egisse,</span> <span class='ocrx_word' id='word_1_243' title='bbox 1599 1971 1731 2012; x_wconf 81' lang='lat' dir='ltr'>nugas</span> 
     </span>
     <span class='ocr_line' id='line_1_29' title="bbox 227 2019 1732 2077; baseline 0.003 -19"><span class='ocrx_word' id='word_1_244' title='bbox 227 2019 474 2072; x_wconf 84' lang='lat' dir='ltr'>prodidisse,</span> <span class='ocrx_word' id='word_1_245' title='bbox 505 2021 749 2062; x_wconf 88' lang='lat' dir='ltr'>lectissimas</span> <span class='ocrx_word' id='word_1_246' title='bbox 782 2037 966 2077; x_wconf 89' lang='lat' dir='ltr'>quasque</span> <span class='ocrx_word' id='word_1_247' title='bbox 999 2023 1309 2063; x_wconf 87' lang='lat' dir='ltr'>observationes</span> <span class='ocrx_word' id='word_1_248' title='bbox 1345 2023 1587 2063; x_wconf 87' lang='lat' dir='ltr'>occultasse.</span> <span class='ocrx_word' id='word_1_249' title='bbox 1649 2024 1732 2064; x_wconf 84' lang='lat' dir='ltr'>Cur</span> 
     </span>
     <span class='ocr_line' id='line_1_30' title="bbox 227 2088 1731 2144; baseline 0.003 -19"><span class='ocrx_word' id='word_1_250' title='bbox 227 2100 310 2126; x_wconf 86' lang='lat' dir='ltr'>non</span> <span class='ocrx_word' id='word_1_251' title='bbox 332 2091 469 2127; x_wconf 88' lang='lat' dir='ltr'>totum</span> <span class='ocrx_word' id='word_1_252' title='bbox 490 2088 631 2128; x_wconf 74' lang='lat' dir='ltr'>dedit?</span> <span class='ocrx_word' id='word_1_253' title='bbox 673 2089 774 2139; x_wconf 72' lang='lat' dir='ltr'>Quae</span> <span class='ocrx_word' id='word_1_254' title='bbox 796 2089 909 2129; x_wconf 87' lang='lat' dir='ltr'>illum</span> <span class='ocrx_word' id='word_1_255' title='bbox 930 2090 1215 2144; x_wconf 63' lang='lat' dir='ltr'>intemperiae?</span> <span class='ocrx_word' id='word_1_256' title='bbox 1250 2090 1503 2130; x_wconf 85' lang='lat' dir='ltr'>Absent-ium</span> <span class='ocrx_word' id='word_1_257' title='bbox 1523 2090 1648 2139; x_wconf 86' lang='lat' dir='ltr'>fama,</span> <span class='ocrx_word' id='word_1_258' title='bbox 1670 2090 1731 2130; x_wconf 91' lang='lat' dir='ltr'>in-</span> 
     </span>
     <span class='ocr_line' id='line_1_31' title="bbox 225 2155 1731 2212; baseline 0.003 -19"><span class='ocrx_word' id='word_1_259' title='bbox 225 2159 531 2208; x_wconf 88' lang='lat' dir='ltr'>compertorum</span> <span class='ocrx_word' id='word_1_260' title='bbox 552 2155 690 2209; x_wconf 90' lang='lat' dir='ltr'>opinio</span> <span class='ocrx_word' id='word_1_261' title='bbox 712 2171 800 2196; x_wconf 90' lang='lat' dir='ltr'>rem</span> <span class='ocrx_word' id='word_1_262' title='bbox 821 2157 955 2211; x_wconf 87' lang='lat' dir='ltr'>ipsam</span> <span class='ocrx_word' id='word_1_263' title='bbox 976 2158 1218 2212; x_wconf 90' lang='lat' dir='ltr'>plerumque</span> <span class='ocrx_word' id='word_1_264' title='bbox 1241 2158 1348 2198; x_wconf 87' lang='lat' dir='ltr'>solet</span> <span class='ocrx_word' id='word_1_265' title='bbox 1369 2158 1581 2198; x_wconf 86' lang='lat' dir='ltr'>excedere.</span> <span class='ocrx_word' id='word_1_266' title='bbox 1633 2158 1731 2198; x_wconf 88' lang='lat' dir='ltr'>Sus-</span> 
     </span>
     <span class='ocr_line' id='line_1_32' title="bbox 224 2220 1729 2279; baseline 0.003 -19"><span class='ocrx_word' id='word_1_267' title='bbox 224 2220 406 2274; x_wconf 87' lang='lat' dir='ltr'>piciones</span> <span class='ocrx_word' id='word_1_268' title='bbox 426 2221 554 2275; x_wconf 83' lang='lat' dir='ltr'>igitur</span> <span class='ocrx_word' id='word_1_269' title='bbox 573 2222 661 2271; x_wconf 89' lang='lat' dir='ltr'>has,</span> <span class='ocrx_word' id='word_1_270' title='bbox 680 2238 782 2276; x_wconf 91' lang='lat' dir='ltr'>quas</span> <span class='ocrx_word' id='word_1_271' title='bbox 804 2225 961 2265; x_wconf 90' lang='lat' dir='ltr'>evitare</span> <span class='ocrx_word' id='word_1_272' title='bbox 985 2240 1067 2265; x_wconf 87' lang='lat' dir='ltr'>non</span> <span class='ocrx_word' id='word_1_273' title='bbox 1088 2225 1330 2279; x_wconf 82' lang='lat' dir='ltr'>potuissem,</span> <span class='ocrx_word' id='word_1_274' title='bbox 1354 2229 1401 2264; x_wconf 93' lang='lat' dir='ltr'>ut</span> <span class='ocrx_word' id='word_1_275' title='bbox 1417 2225 1663 2279; x_wconf 81' lang='lat' dir='ltr'>jugularem,</span> <span class='ocrx_word' id='word_1_276' title='bbox 1687 2231 1729 2265; x_wconf 86' lang='lat' dir='ltr'>et</span> 
     </span>
    </p>
   </div>
   <div class='ocr_carea' id='block_1_3' title="bbox 220 2367 1733 2920">
    <p class='ocr_par' dir='ltr' id='par_1_3' title="bbox 220 2367 1733 2920">
     <span class='ocr_line' id='line_1_33' title="bbox 271 2367 1730 2416; baseline 0.003 -16"><span class='ocrx_word' id='word_1_277' title='bbox 271 2373 290 2391; x_wconf 85' lang='lat' dir='ltr'>a</span> <span class='ocrx_word' id='word_1_278' title='bbox 316 2367 522 2412; x_wconf 73' lang='lat' dir='ltr'>Cuiusmodi</span> <span class='ocrx_word' id='word_1_279' title='bbox 540 2375 828 2404; x_wconf 82' lang='lat' dir='ltr'>commentatores</span> <span class='ocrx_word' id='word_1_280' title='bbox 845 2371 880 2403; x_wconf 87' lang='lat' dir='ltr'>in</span> <span class='ocrx_word' id='word_1_281' title='bbox 902 2371 1107 2405; x_wconf 86' lang='lat' dir='ltr'>AEschinem</span> <span class='ocrx_word' id='word_1_282' title='bbox 1124 2377 1293 2412; x_wconf 84' lang='lat' dir='ltr'>vetustos,</span> <span class='ocrx_word' id='word_1_283' title='bbox 1312 2371 1392 2405; x_wconf 88' lang='lat' dir='ltr'>fort.</span> <span class='ocrx_word' id='word_1_284' title='bbox 1411 2371 1563 2412; x_wconf 86' lang='lat' dir='ltr'>eosdem,</span> <span class='ocrx_word' id='word_1_285' title='bbox 1582 2383 1669 2416; x_wconf 89' lang='lat' dir='ltr'>quos</span> <span class='ocrx_word' id='word_1_286' title='bbox 1694 2372 1730 2404; x_wconf 88' lang='lat' dir='ltr'>in</span> 
     </span>
     <span class='ocr_line' id='line_1_34' title="bbox 226 2424 1731 2473; baseline 0.003 -16"><span class='ocrx_word' id='word_1_287' title='bbox 226 2424 512 2464; x_wconf 81' lang='lat' dir='ltr'>Demosthenem,</span> <span class='ocrx_word' id='word_1_288' title='bbox 531 2425 612 2458; x_wconf 89' lang='lat' dir='ltr'>olim</span> <span class='ocrx_word' id='word_1_289' title='bbox 631 2426 812 2466; x_wconf 80' lang='lat' dir='ltr'>exstitisse,</span> <span class='ocrx_word' id='word_1_290' title='bbox 831 2433 978 2461; x_wconf 84' lang='lat' dir='ltr'>testatur</span> <span class='ocrx_word' id='word_1_291' title='bbox 995 2428 1073 2468; x_wconf 84' lang='lat' dir='ltr'>hoc,</span> <span class='ocrx_word' id='word_1_292' title='bbox 1088 2428 1182 2473; x_wconf 92' lang='lat' dir='ltr'>quod</span> <span class='ocrx_word' id='word_1_293' title='bbox 1202 2428 1411 2462; x_wconf 87' lang='lat' dir='ltr'>Scholiastes</span> <span class='ocrx_word' id='word_1_294' title='bbox 1429 2431 1548 2462; x_wconf 89' lang='lat' dir='ltr'>noster</span> <span class='ocrx_word' id='word_1_295' title='bbox 1565 2428 1608 2461; x_wconf 86' lang='lat' dir='ltr'>ad</span> <span class='ocrx_word' id='word_1_296' title='bbox 1625 2440 1659 2472; x_wconf 94' lang='lat' dir='ltr'>p.</span> <span class='ocrx_word' id='word_1_297' title='bbox 1678 2439 1731 2468; x_wconf 89' lang='lat'>12,</span> 
     </span>
     <span class='ocr_line' id='line_1_35' title="bbox 229 2480 1731 2528; baseline 0.003 -15"><span class='ocrx_word' id='word_1_298' title='bbox 229 2491 281 2514; x_wconf 92' lang='lat'>10.</span> <span class='ocrx_word' id='word_1_299' title='bbox 300 2480 354 2514; x_wconf 89' lang='lat' dir='ltr'>ed.</span> <span class='ocrx_word' id='word_1_300' title='bbox 371 2481 418 2514; x_wconf 92' lang='lat' dir='ltr'>H.</span> <span class='ocrx_word' id='word_1_301' title='bbox 437 2480 487 2514; x_wconf 84' lang='lat' dir='ltr'>St.</span> <span class='ocrx_word' id='word_1_302' title='bbox 503 2480 691 2524; x_wconf 86' lang='lat' dir='ltr'>Aspasium</span> <span class='ocrx_word' id='word_1_303' title='bbox 707 2494 747 2515; x_wconf 84' lang='lat' dir='ltr'>ex</span> <span class='ocrx_word' id='word_1_304' title='bbox 765 2482 831 2516; x_wconf 89' lang='lat' dir='ltr'>hoc</span> <span class='ocrx_word' id='word_1_305' title='bbox 849 2495 995 2517; x_wconf 89' lang='lat' dir='ltr'>numero</span> <span class='ocrx_word' id='word_1_306' title='bbox 1012 2484 1142 2518; x_wconf 87' lang='lat' dir='ltr'>laudat.</span> <span class='ocrx_word' id='word_1_307' title='bbox 1187 2484 1327 2519; x_wconf 80' lang='lat' dir='ltr'>Scholia</span> <span class='ocrx_word' id='word_1_308' title='bbox 1343 2484 1387 2518; x_wconf 88' lang='lat' dir='ltr'>ad</span> <span class='ocrx_word' id='word_1_309' title='bbox 1404 2485 1533 2528; x_wconf 87' lang='lat' dir='ltr'>primas</span> <span class='ocrx_word' id='word_1_310' title='bbox 1552 2484 1638 2518; x_wconf 88' lang='lat' dir='ltr'>duas</span> <span class='ocrx_word' id='word_1_311' title='bbox 1656 2496 1731 2518; x_wconf 86' lang='lat' dir='ltr'>ora-</span> 
     </span>
     <span class='ocr_line' id='line_1_36' title="bbox 225 2537 1732 2584; baseline 0.003 -14"><span class='ocrx_word' id='word_1_312' title='bbox 225 2538 348 2576; x_wconf 85' lang='lat' dir='ltr'>tiones,</span> <span class='ocrx_word' id='word_1_313' title='bbox 366 2537 559 2580; x_wconf 82' lang='lat' dir='ltr'>praesertim</span> <span class='ocrx_word' id='word_1_314' title='bbox 576 2537 619 2571; x_wconf 87' lang='lat' dir='ltr'>ad</span> <span class='ocrx_word' id='word_1_315' title='bbox 636 2538 889 2580; x_wconf 84' lang='lat' dir='ltr'>Timarcheam,</span> <span class='ocrx_word' id='word_1_316' title='bbox 908 2541 1149 2584; x_wconf 67' lang='lat' dir='ltr'>praestantiora</span> <span class='ocrx_word' id='word_1_317' title='bbox 1175 2547 1269 2582; x_wconf 87' lang='lat' dir='ltr'>sunt,</span> <span class='ocrx_word' id='word_1_318' title='bbox 1289 2541 1457 2575; x_wconf 82' lang='lat' dir='ltr'>deteriora</span> <span class='ocrx_word' id='word_1_319' title='bbox 1483 2547 1515 2575; x_wconf 83' lang='lat' dir='ltr'>et</span> <span class='ocrx_word' id='word_1_320' title='bbox 1541 2540 1732 2575; x_wconf 83' lang='lat' dir='ltr'>admodum</span> 
     </span>
     <span class='ocr_line' id='line_1_37' title="bbox 220 2592 1732 2643; baseline 0.004 -18"><span class='ocrx_word' id='word_1_321' title='bbox 220 2593 339 2638; x_wconf 86' lang='lat' dir='ltr'>jejuna</span> <span class='ocrx_word' id='word_1_322' title='bbox 356 2592 399 2626; x_wconf 87' lang='lat' dir='ltr'>ad</span> <span class='ocrx_word' id='word_1_323' title='bbox 416 2599 638 2636; x_wconf 82' lang='lat' dir='ltr'>postremam.</span> <span class='ocrx_word' id='word_1_324' title='bbox 682 2594 798 2629; x_wconf 89' lang='lat' dir='ltr'>Ambo</span> <span class='ocrx_word' id='word_1_325' title='bbox 818 2596 1020 2631; x_wconf 83' lang='lat' dir='ltr'>Scholiastae</span> <span class='ocrx_word' id='word_1_326' title='bbox 1039 2603 1108 2631; x_wconf 89' lang='lat' dir='ltr'>tam</span> <span class='ocrx_word' id='word_1_327' title='bbox 1129 2597 1172 2632; x_wconf 86' lang='lat' dir='ltr'>B.</span> <span class='ocrx_word' id='word_1_328' title='bbox 1191 2610 1296 2643; x_wconf 87' lang='lat' dir='ltr'>quam</span> <span class='ocrx_word' id='word_1_329' title='bbox 1315 2598 1367 2631; x_wconf 88' lang='lat' dir='ltr'>M.</span> <span class='ocrx_word' id='word_1_330' title='bbox 1386 2610 1427 2631; x_wconf 88' lang='lat' dir='ltr'>ex</span> <span class='ocrx_word' id='word_1_331' title='bbox 1444 2609 1516 2632; x_wconf 92' lang='lat' dir='ltr'>uno</span> <span class='ocrx_word' id='word_1_332' title='bbox 1541 2597 1732 2643; x_wconf 89' lang='lat' dir='ltr'>eodemque</span> 
     </span>
     <span class='ocr_line' id='line_1_38' title="bbox 224 2650 1730 2699; baseline 0.004 -17"><span class='ocrx_word' id='word_1_333' title='bbox 224 2650 417 2694; x_wconf 82' lang='lat' dir='ltr'>antiquiore</span> <span class='ocrx_word' id='word_1_334' title='bbox 445 2655 527 2684; x_wconf 88' lang='lat' dir='ltr'>sunt</span> <span class='ocrx_word' id='word_1_335' title='bbox 554 2652 717 2695; x_wconf 87' lang='lat' dir='ltr'>excerpti,</span> <span class='ocrx_word' id='word_1_336' title='bbox 743 2652 779 2685; x_wconf 89' lang='lat' dir='ltr'>id</span> <span class='ocrx_word' id='word_1_337' title='bbox 804 2653 899 2697; x_wconf 91' lang='lat' dir='ltr'>quod</span> <span class='ocrx_word' id='word_1_338' title='bbox 931 2660 1025 2698; x_wconf 84' lang='lat' dir='ltr'>patet</span> <span class='ocrx_word' id='word_1_339' title='bbox 1055 2666 1072 2688; x_wconf 92' lang='lat' dir='ltr'>e</span> <span class='ocrx_word' id='word_1_340' title='bbox 1098 2654 1199 2688; x_wconf 85' lang='lat' dir='ltr'>dictis</span> <span class='ocrx_word' id='word_1_341' title='bbox 1232 2655 1276 2688; x_wconf 87' lang='lat' dir='ltr'>ad</span> <span class='ocrx_word' id='word_1_342' title='bbox 1309 2667 1343 2699; x_wconf 88' lang='lat' dir='ltr'>p.</span> <span class='ocrx_word' id='word_1_343' title='bbox 1365 2665 1417 2698; x_wconf 85' lang='lat'>13,</span> <span class='ocrx_word' id='word_1_344' title='bbox 1436 2666 1491 2696; x_wconf 88' lang='lat'>44.</span> <span class='ocrx_word' id='word_1_345' title='bbox 1518 2666 1550 2688; x_wconf 84' lang='lat' dir='ltr'>v.</span> <span class='ocrx_word' id='word_1_346' title='bbox 1570 2655 1730 2698; x_wconf 86' lang='grc' dir='ltr'>σφηττοῖ.</span> 
     </span>
     <span class='ocr_line' id='line_1_39' title="bbox 226 2706 1733 2756; baseline 0.003 -17"><span class='ocrx_word' id='word_1_347' title='bbox 226 2706 342 2740; x_wconf 89' lang='lat' dir='ltr'>Multa</span> <span class='ocrx_word' id='word_1_348' title='bbox 365 2706 533 2740; x_wconf 86' lang='lat' dir='ltr'>verbatim</span> <span class='ocrx_word' id='word_1_349' title='bbox 558 2718 575 2739; x_wconf 93' lang='lat' dir='ltr'>e</span> <span class='ocrx_word' id='word_1_350' title='bbox 603 2706 755 2747; x_wconf 89' lang='lat' dir='ltr'>Polluce,</span> <span class='ocrx_word' id='word_1_351' title='bbox 775 2708 946 2753; x_wconf 83' lang='lat' dir='ltr'>Harpocr.</span> <span class='ocrx_word' id='word_1_352' title='bbox 968 2710 1088 2750; x_wconf 83' lang='lat' dir='ltr'>Suida,</span> <span class='ocrx_word' id='word_1_353' title='bbox 1114 2711 1201 2751; x_wconf 87' lang='lat' dir='ltr'>aliis,</span> <span class='ocrx_word' id='word_1_354' title='bbox 1219 2711 1396 2744; x_wconf 83' lang='lat' dir='ltr'>translata.</span> <span class='ocrx_word' id='word_1_355' title='bbox 1424 2722 1636 2756; x_wconf 85' lang='lat' dir='ltr'>quamquam</span> <span class='ocrx_word' id='word_1_356' title='bbox 1660 2710 1733 2744; x_wconf 88' lang='lat' dir='ltr'>fieri</span> 
     </span>
     <span class='ocr_line' id='line_1_40' title="bbox 224 2762 1732 2812; baseline 0.005 -18"><span class='ocrx_word' id='word_1_357' title='bbox 224 2762 333 2805; x_wconf 85' lang='lat' dir='ltr'>possit</span> <span class='ocrx_word' id='word_1_358' title='bbox 351 2767 390 2796; x_wconf 91' lang='lat' dir='ltr'>ut</span> <span class='ocrx_word' id='word_1_359' title='bbox 407 2774 448 2795; x_wconf 85' lang='lat' dir='ltr'>ex</span> <span class='ocrx_word' id='word_1_360' title='bbox 466 2762 520 2796; x_wconf 87' lang='lat' dir='ltr'>his</span> <span class='ocrx_word' id='word_1_361' title='bbox 540 2763 688 2796; x_wconf 76' lang='lat' dir='ltr'>scholiis</span> <span class='ocrx_word' id='word_1_362' title='bbox 714 2768 872 2800; x_wconf 82' lang='lat' dir='ltr'>auctores</span> <span class='ocrx_word' id='word_1_363' title='bbox 898 2767 947 2800; x_wconf 88' lang='lat' dir='ltr'>illi</span> <span class='ocrx_word' id='word_1_364' title='bbox 972 2767 1149 2801; x_wconf 87' lang='lat' dir='ltr'>interdum</span> <span class='ocrx_word' id='word_1_365' title='bbox 1174 2767 1310 2812; x_wconf 89' lang='lat' dir='ltr'>possint</span> <span class='ocrx_word' id='word_1_366' title='bbox 1334 2767 1522 2801; x_wconf 87' lang='lat' dir='ltr'>emendari.</span> <span class='ocrx_word' id='word_1_367' title='bbox 1558 2769 1623 2802; x_wconf 84' lang='lat' dir='ltr'>alia</span> <span class='ocrx_word' id='word_1_368' title='bbox 1644 2769 1732 2802; x_wconf 89' lang='lat' dir='ltr'>levia</span> 
     </span>
     <span class='ocr_line' id='line_1_41' title="bbox 225 2818 1731 2869; baseline 0.005 -19"><span class='ocrx_word' id='word_1_369' title='bbox 225 2824 318 2858; x_wconf 85' lang='lat' dir='ltr'>sunt,</span> <span class='ocrx_word' id='word_1_370' title='bbox 336 2819 399 2852; x_wconf 88' lang='lat' dir='ltr'>alia</span> <span class='ocrx_word' id='word_1_371' title='bbox 416 2818 539 2858; x_wconf 82' lang='lat' dir='ltr'>futilia,</span> <span class='ocrx_word' id='word_1_372' title='bbox 554 2820 727 2859; x_wconf 83' lang='lat' dir='ltr'>tralatitia,</span> <span class='ocrx_word' id='word_1_373' title='bbox 746 2821 872 2865; x_wconf 82' lang='lat' dir='ltr'>inepta,</span> <span class='ocrx_word' id='word_1_374' title='bbox 890 2824 1051 2867; x_wconf 84' lang='lat' dir='ltr'>nugacia,</span> <span class='ocrx_word' id='word_1_375' title='bbox 1070 2824 1134 2857; x_wconf 89' lang='lat' dir='ltr'>alia</span> <span class='ocrx_word' id='word_1_376' title='bbox 1150 2823 1282 2869; x_wconf 85' lang='lat' dir='ltr'>liquido</span> <span class='ocrx_word' id='word_1_377' title='bbox 1301 2823 1396 2863; x_wconf 84' lang='lat' dir='ltr'>falsa,</span> <span class='ocrx_word' id='word_1_378' title='bbox 1416 2824 1481 2858; x_wconf 86' lang='lat' dir='ltr'>alia</span> <span class='ocrx_word' id='word_1_379' title='bbox 1499 2836 1651 2858; x_wconf 80' lang='lat' dir='ltr'>crassam</span> <span class='ocrx_word' id='word_1_380' title='bbox 1670 2837 1731 2859; x_wconf 88' lang='lat' dir='ltr'>an-</span> 
     </span>
     <span class='ocr_line' id='line_1_42' title="bbox 223 2874 829 2920; baseline 0.008 -14"><span class='ocrx_word' id='word_1_381' title='bbox 223 2874 389 2918; x_wconf 82' lang='lat' dir='ltr'>tiquitatis</span> <span class='ocrx_word' id='word_1_382' title='bbox 407 2876 613 2919; x_wconf 84' lang='lat' dir='ltr'>imperitiam</span> <span class='ocrx_word' id='word_1_383' title='bbox 635 2876 829 2920; x_wconf 85' lang='lat' dir='ltr'>prodentia.</span> 
     </span>
    </p>
   </div>
  </div>
 </body>
</html>
