1929 3215
453 105 537 145 AD
571 105 829 147 SGHOLIA
866 105 925 144 IN
958 106 1309 149 AESelHNEM.
1601 116 1636 154 xi

130 211 295 251 voculas
316 210 611 251 malevolorum
633 216 680 251 ut
701 211 990 265 opprimerem,
1009 212 1151 261 malui,
1166 228 1258 253 cum
1281 230 1503 268 paucarum
1522 220 1638 260 char-

130 283 269 318 tarum
286 277 467 331 jactura,
490 282 626 318 totum
649 279 903 332 opusculum,
931 279 1052 332 quale
1075 280 1194 333 quale
1223 286 1302 330 est,
1324 282 1403 322 luci
1425 289 1467 324 et
1484 285 1639 338 judicio

129 345 326 398 cujusque
347 358 565 398 exponere,
589 345 835 399 publicoque
857 346 1036 386 examini
1058 347 1239 387 tradere.

185 412 446 467 Apographa
466 412 616 452 horum
637 413 886 453 scholiorum
908 415 1217 467 quodammodo
1239 416 1321 456 tria
1342 431 1469 470 penes
1496 434 1560 459 me
1580 422 1638 460 fu-

127 487 267 529 erunt,
299 479 547 529 Oxoniense,
582 479 924 533 Ultrajeetinum,
958 481 1251 535 Tayloranum.
1331 484 1471 525 Audio
1513 487 1641 528 ctiam

128 561 254 601 penes
276 546 532 596 Reimarum,
555 547 701 596 virum,
725 562 819 587 cum
840 556 1088 601 superesset,
1112 549 1162 589 de
1183 549 1317 590 literis
1339 552 1495 605 optimc
1516 555 1639 594 meri-

128 621 234 663 tum,
254 613 335 654 mei
355 613 702 662 amantissimum,
726 614 852 654 fuisse
875 616 1178 669 apographum.
1234 617 1316 657 Sed
1338 619 1477 660 omnia
1499 620 1568 661 illa
1589 636 1640 661 ex

128 695 211 721 uno
231 681 347 721 fonte
368 685 606 731 manarunt,
628 681 749 730 libro,
772 681 841 736 qui
866 682 1050 723 Edvardi
1074 683 1277 724 Bernardi
1299 685 1396 725 olim
1418 687 1509 735 fuit,
1534 702 1641 728 nunc

129 753 195 791 est
224 749 265 790 in
294 749 556 790 Bibliotheca
584 749 813 790 Bodleiana
842 750 1009 790 Oxonii.
1036 765 1159 805 quem
1190 753 1316 793 toties
1347 754 1452 795 citat
1474 756 1640 810 Taylor,

129 817 254 857 Beroe.
273 816 501 870 appellans.
546 816 713 856 Dicitur
734 816 769 856 ei
791 817 920 857 codici
937 818 1148 871 -Josephus
1171 818 1354 874 Scaliger
1375 828 1417 861 et
1439 822 1507 863 illa
1527 824 1643 864 scho-

128 882 198 932 lia,
214 887 257 923 et
277 883 413 924 varias
434 882 644 932 lectioneS,
667 883 780 923 haud
801 887 970 924 constat
992 884 1100 925 unde
1123 885 1292 938 petitas,
1315 891 1357 927 et
1379 889 1642 942 conjecturas

131 949 320 1005 denique,
343 955 419 991 aut
440 950 751 991 emendationes
782 964 878 991 suas
908 951 1189 1005 adscripsisse.
1252 953 1409 994 Aldina
1430 960 1494 996 cst
1516 957 1643 998 editio

129 1017 356 1058 Oratorum
387 1018 643 1058 Graecorum.
712 1017 813 1058 Fuit
848 1017 962 1058 aliud
994 1018 1180 1072 ejusdem
1212 1020 1376 1061 Aldinae
1409 1024 1642 1077 exemplum

129 1084 390 1126 Bernardino
421 1085 684 1135 simillimum,
708 1085 820 1138 quod
845 1085 946 1126 item
967 1101 993 1126 a
1016 1086 1226 1141 Sealigero
1257 1089 1543 1144 conscriptum
1576 1090 1642 1130 iis-

129 1152 224 1192 dem
257 1152 411 1193 notulis
447 1152 613 1201 dicitur,
650 1166 777 1206 penes
814 1153 991 1193 Petrum
1027 1153 1365 1209 &Vesselingiunn
1404 1157 1642 1197 excellentis

129 1219 331 1260 doctrinae
352 1225 395 1260 et
415 1219 691 1260 humanitatis
712 1219 860 1268 virum,
884 1235 906 1260 e
934 1221 1051 1273 eujus
1083 1222 1336 1264 bibliotheca
1363 1223 1404 1262 in
1429 1223 1641 1278 Ultrajee-

128 1285 261 1326 tinam
297 1286 507 1340 publicam
538 1286 722 1327 transiit.
797 1287 1128 1341 Ultrajectinum
1164 1289 1241 1329 hoc
1279 1291 1513 1344 exemplum
1549 1306 1642 1331 cum

129 1352 355 1393 Oxoniensi
375 1353 618 1407 plerumque
640 1353 845 1403 convenit,
864 1353 941 1394 nisi
963 1356 1075 1409 quod
1095 1355 1197 1396 alias
1219 1357 1416 1410 pauciora
1439 1357 1520 1407 illo,
1538 1358 1642 1399 alias

128 1421 247 1475 plura
269 1425 398 1461 tenet.
436 1420 686 1475 Exemplum
704 1421 941 1462 Oxoniense
962 1437 1097 1463 meam
1118 1423 1160 1463 in
1181 1425 1365 1478 gratiam
1387 1425 1643 1480 exscripsere

128 1488 212 1528 duo
233 1488 519 1528 adolescentes
540 1487 704 1542 egregie
721 1488 878 1529 literati
897 1494 939 1530 et
956 1504 1150 1544 magnam
1168 1491 1219 1530 de
1241 1506 1284 1531 se
1306 1506 1421 1545 spem
1439 1498 1640 1542 creantes,

129 1554 425 1595 Griesbachius
456 1558 500 1595 et
523 1554 686 1595 White.
750 1554 1046 1596 Griesbaehius
1070 1557 1121 1596 A.
1143 1558 1203 1597 M.
1228 1563 1305 1605 est,
1328 1559 1518 1599 alumnus
1539 1561 1641 1600 eele-

127 1621 213 1661 bris
246 1622 431 1676 theologi
464 1621 662 1662 Halensis
696 1622 885 1672 Semleri‚
918 1623 1178 1674 Rambachii,
1211 1625 1395 1680 theologi
1432 1627 1643 1679 quondam

127 1687 229 1728 item
252 1689 461 1739 Halensis,
484 1689 754 1743 postmodum
782 1690 986 1740 Giessani,
1010 1705 1061 1730 ex
1089 1690 1175 1731 filia
1206 1706 1347 1746 nepos,
1372 1707 1492 1745 quem
1516 1693 1641 1734 Ram-

126 1756 333 1806 bachium,
351 1772 428 1812 ego
449 1772 553 1811 puer
573 1758 710 1798 adhuc
728 1758 854 1798 Halae
876 1773 970 1798 cum
990 1759 1179 1799 audirem
1200 1774 1276 1813 pro
1298 1761 1494 1802 concione
1516 1763 1643 1802 verba

126 1822 358 1873 facientem,
377 1829 420 1865 et
441 1839 550 1879 saepe
575 1825 725 1873 audivi,
744 1826 941 1865 recordor
957 1826 1207 1874 adhucdum,
1223 1841 1347 1881 quam
1370 1827 1446 1867 sim
1470 1829 1642 1869 audiens

128 1890 374 1931 delectatus.
436 1891 512 1931 Ille
543 1892 687 1945 itaque
718 1891 1026 1941 Griesbaehius,
1050 1907 1123 1946 per
1145 1894 1340 1934 Arabicae
1371 1894 1523 1948 linguae
1555 1900 1641 1935 stu-

127 1957 243 1997 dium
272 1958 386 2006 mihi,
409 1973 503 1998 eum
533 1973 660 2013 penes
691 1973 767 1998 nos
790 1959 942 2013 Lipsiae
974 1973 1129 1999 annum
1159 1960 1360 2013 exigeret,
1382 1961 1638 2008 conciliatus,

126 2024 170 2064 in
191 2024 456 2065 Britanniam
478 2025 702 2078 profectus,
727 2025 879 2065 Oxonii
901 2025 1059 2065 scholia
1078 2026 1133 2066 ad
1157 2026 1373 2066 AEschinis
1405 2028 1640 2068 orationem

129 2090 172 2129 in
189 2090 458 2130 Timarchum
478 2091 566 2144 ipse
587 2105 713 2131 manu
734 2105 810 2131 sua
830 2106 851 2131 e
872 2091 978 2131 libro
1001 2092 1204 2132 Bernardi
1227 2106 1320 2131 cum
1342 2093 1640 2147 exscripsisset,

128 2158 184 2198 ad
209 2173 275 2199 me
295 2158 422 2208 misit,
445 2173 528 2199 una
559 2173 653 2199 cum
684 2158 848 2199 scholiis
876 2159 918 2198 in
947 2159 1051 2199 duas
1081 2159 1262 2212 reliquas
1293 2159 1516 2206 orationes,
1539 2175 1642 2213 quas

129 2230 178 2266 ut
195 2239 310 2265 meos
330 2225 373 2264 in
394 2240 492 2265 usus
524 2225 789 2273 exscriberet,
813 2228 1078 2279 permoverat
1098 2225 1324 2274 thitium,
1348 2226 1641 2275 Oxoniensem,

130 2306 252 2346 quem
273 2292 397 2332 audio
417 2292 590 2332 mirifico
613 2292 810 2333 Arabicae
840 2292 1070 2332 literaturae
1099 2291 1239 2331 studio
1267 2292 1480 2341 exarsisse,
1505 2298 1547 2333 et
1569 2293 1643 2332 Al-

129 2359 366 2399 coranicum
396 2359 580 2400 Lexieon
609 2360 800 2408 condere,
830 2364 1017 2413 coeptum
1049 2359 1170 2413 longe
1201 2359 1478 2409 utilissimum,
1507 2365 1549 2401 et
1582 2361 1642 2401 ita

129 2427 421 2477 necessarium,
443 2431 492 2468 ut
523 2427 610 2467 sine
642 2427 756 2468 clave
784 2427 1036 2468 Alcoranica
1066 2427 1198 2480 ipsam
1228 2442 1349 2481 posse
1379 2428 1643 2470 literaturam

131 2493 360 2535 Arabicam
400 2494 655 2534 efflorescere
697 2507 855 2547 negem.
931 2493 1059 2533 Faxit
1099 2493 1212 2540 deus,
1254 2498 1302 2533 ut
1341 2499 1525 2547 coeptum
1565 2495 1642 2535 1100

131 2560 243 2600 omni
279 2560 417 2609 laude,
452 2560 824 2615 prosperrimisque
861 2559 1116 2599 successibus
1148 2558 1434 2612 dignissimum
1468 2560 1643 2600 felic-iter

133 2626 325 2667 Whitius
344 2631 611 2682 exsequatur.
656 2626 849 2667 Accessit
869 2626 924 2666 ad
945 2626 1033 2665 haec
1054 2625 1298 2679 apographa
1319 2625 1482 2665 Oxonio
1503 2627 1556 2666 ad
1577 2641 1643 2667 me

131 2691 258 2734 missa
290 2694 367 2733 sub
397 2693 509 2734 idem
540 2694 626 2734 fere
656 2698 822 2746 tempus
858 2691 1146 2746 apographum
1179 2691 1274 2731 libri
1305 2691 1642 2746 VVesseIingiani,

131 2772 240 2799 nunc
262 2759 549 2813 Ultrajectini,
571 2775 597 2801 a
619 2760 815 2808 Greensio,
838 2759 892 2799 V.
911 2758 957 2799 O.
980 2758 1035 2799 ad
1058 2772 1123 2798 1110
1151 2757 1334 2806 missum,
1358 2758 1441 2811 qui,
1463 2759 1643 2798 auetori-

131 2829 223 2866 tate
246 2825 414 2867 Sebaldi
436 2826 570 2876 Ravii,
594 2827 649 2867 V.
671 2826 716 2867 C.
738 2830 893 2874 motus,
913 2825 991 2864 hoe
1013 2824 1113 2865 mihi
1135 2824 1296 2872 tribuit,
1319 2829 1367 2864 ut
1389 2839 1642 2879 quaecunque

132 2891 238 2934 liber
257 2892 323 2933 ille
345 2897 473 2941 tenet,
491 2908 517 2934 a
535 2893 758 2945 Scaligero,
775 2898 822 2932 ut
844 2892 1001 2940 volunt,
1022 2891 1064 2930 in
1088 2890 1342 2944 marginibus
1365 2890 1532 2943 scripta,
1556 2891 1641 2944 ipse
