1950 3205
231 102 315 144 126

231 210 454 258 Ἀριστόδημος
474 212 676 259 Στεμφύλιος
694 221 758 256 44,
780 222 795 244 I
808 222 838 245 1.

232 263 465 311 ἀριστοκρατία
488 271 547 311 79,
567 274 627 310 29.

232 315 455 364 Ἀριστοτέλης
477 315 671 362 συναγαγὼν
695 315 812 361 τέχνας
839 318 956 363 ῥητορι-

287 371 347 409 κάς
371 378 455 417 105,
476 379 534 403 22.

232 422 456 469 Ἀριστοτέλης
479 425 510 457 ἐν
539 425 579 469 τῇ
607 421 755 467 πολιτείᾳ
783 425 844 456 τῖῦν
862 422 958 464 Ἀθη-

286 476 378 510 ναίων
404 486 489 516 111,
507 486 542 521 5.

232 530 477 575 Ἀριστοφάνης.

286 584 454 627 Ἀχαρνεῖς
479 591 537 627 13,
555 590 617 625 14.

287 635 452 681 Βάτραχοι
474 632 536 679 63,
555 632 591 668 8.
630 644 713 673 101,
739 641 794 679 15.

287 687 439 733 Νεφέλαι
459 696 522 733 39,
538 696 577 730 4.

287 740 413 786 Σφῆκες
433 739 495 780 81,
522 739 582 774 26.

286 791 454 838 (Fragm.
476 792 556 839 92.)
578 803 642 838 91,
663 802 722 836 24.

232 848 431 892 Ἀριστοφῶν
451 856 489 890 4,
519 856 575 880 10.

232 901 430 945 Ἀριστοφῶν
465 895 637 944 ’Ἀρδηττος
684 897 860 940 ἐπικληθείς
900 907 958 936 21,

288 961 349 997 23.

231 1003 385 1050 Ἀρίστων
404 1001 508 1050 ἅρχων
532 1012 592 1050 75,
613 1002 672 1038 28.

232 1056 396 1104 ἁρμοσταὶ
416 1052 670 1100 Λακεδαιμονίων
691 1054 755 1102 56,
770 1066 806 1102 9.

231 1106 382 1156 ἁρπάξας
399 1107 462 1153 36,
482 1107 542 1143 26.
574 1119 636 1155 99,
654 1119 717 1155 32.

232 1161 438 1209 ἀρχαιρεσίαι
461 1161 523 1201 81,
543 1172 600 1206 14.

233 1217 359 1261 ἀρχεῖον
380 1212 442 1260 58,
463 1225 522 1260 23.

233 1270 291 1302 ἀπ’
311 1268 410 1314 ἀρχῆς
428 1265 504 1314 ἄχρι
528 1266 636 1308 τέλους
664 1266 719 1307 16,
745 1278 805 1313 24.
842 1276 899 1313 17,
924 1276 959 1312 7.

294 1331 352 1365 19,
375 1330 438 1354 20.
470 1330 532 1359 20,
555 1330 592 1364 4.

233 1375 427 1421 Ἀρχιδάμου
447 1377 500 1407 τοῦ
518 1377 639 1421 μακροῦ
658 1372 742 1419 ’γένος
767 1384 779 1407 1
794 1384 852 1413 10,
876 1371 933 1407 18.

234 1428 374 1473 Ἀρχῖνος
394 1436 458 1472 35,
478 1436 538 1471 23.

234 1482 260 1513 οἵ
289 1477 377 1514 ἐννέα
406 1477 556 1526 ἄρχοντες
583 1480 671 1524 μετὰ
700 1478 735 1513 τὸ
759 1476 899 1519 ἐξελθεῖν
926 1481 961 1512 ἐκ

287 1533 344 1573 ’τῆς
367 1533 466 1577 ἀρχῆς
484 1534 714 1578 Ἀρεοπαγῖται
734 1533 874 1577 ’γίνονται
902 1542 912 1565 1
927 1542 940 1565 1
952 1558 960 1570 ,

292 1583 352 1619 28.

234 1634 385 1680 ἀσκηταί
400 1646 464 1681 34,
486 1647 517 1670 1.

234 1691 423 1729 Ἀσπάσιος.
469 1688 516 1723 V.
539 1689 687 1733 Αἰσχίνου
706 1687 876 1737 ἐξηγηταί.

233 1741 423 1788 Ἀτρόμητος
448 1752 478 1781 1,
496 1750 531 1789 5.
561 1753 598 1786 4,
618 1753 651 1788 3.

234 1797 261 1830 οἱ
278 1795 492 1829 Ἀττικισταί
514 1793 572 1835 26,
592 1805 626 1840 3.

232 1850 379 1891 αὐλητῶν
398 1846 554 1881 ὑποπόδιον
574 1849 697 1882 διπλοῦν
717 1858 779 1893 32,
798 1848 860 1883 28.

232 1901 391 1948 Ἀφαρεύς
417 1910 501 1940 101,
521 1908 554 1946 7.
589 1908 676 1948 105,
693 1899 754 1936 28.

233 1951 366 2001 ἄφθονος
385 1963 448 1999 95,
468 1964 479 1986 Ι
492 1962 525 1999 7.

232 2004 413 2053 Ἀφόβητος
437 2016 470 2045 1,
491 2014 551 2050 14.

233 2057 395 2103 ἀχίαστος
411 2058 541 2105 περίοδος
559 2059 757 2105 τετράκωλος
782 2070 794 2094 1
807 2070 867 2101 21,
887 2071 919 2094 2.

233 2112 442 2157 ἀχρειοῒέσθαι
472 2122 527 2151 10,
543 2121 578 2157 3.
611 2111 673 2153 28,
694 2121 726 2157 7.

232 2164 334 2206 βάσις
355 2163 469 2209 (apud
489 2163 675 2210 rhetores)
700 2175 735 2211 7,
756 2175 815 2200 22.

234 2217 479 2260 βαταλίζεσθαι
500 2227 562 2260 32,
583 2216 639 2252 16.

234 2270 388 2309 Βάταλος
406 2279 469 2314 32,
490 2280 544 2314 13.
563 2281 623 2304 21.
656 2269 720 2311 61,
738 2281 777 2315 4.

234 2318 384 2364 βδέλλαε
414 2320 513 2356 unde
532 2322 683 2369 βδελυρία
707 2333 768 2369 23,
787 2334 821 2358 1.

234 2373 409 2420 βερεδάριος
427 2373 490 2415 66,
508 2385 568 2422 19.

235 2426 425 2469 βιοπλανῶν,
445 2427 623 2468 βιοπλάνων
644 2427 707 2473 56,
729 2439 788 2463 20.

236 2478 331 2513 Βοιαί
349 2487 412 2525 55,
433 2477 494 2514 28.

236 2532 393 2577 Βουζύγης
413 2531 476 2578 56,
497 2542 558 2578 23.

233 2584 370 2627 βούπαις
393 2594 454 2630 23,
475 2593 536 2630 17.

235 2638 355 2678 Βούτης
376 2635 440 2684 69,
462 2647 521 2684 25.

236 2692 357 2734 εγελοῖος
375 2695 412 2724 et
431 2690 549 2735 γέλοιος
569 2700 632 2734 32,
654 2697 714 2737 17.

237 2742 281 2783 Γῆ
300 2740 429 2777 eadem
450 2754 531 2789 quae
551 2744 698 2788 Εὐωνύμη
718 2741 783 2790 38,
804 2743 864 2778 26.

238 2792 388 2840 Γηρυόνος,
410 2794 552 2842 Γηρυόνου
572 2802 635 2842 50,
658 2807 714 2831 11.

238 2847 373 2887 Γλαυκίς
398 2857 430 2887 1,
450 2858 507 2882 10.

736 103 930 144 INDEX
964 103 1229 146 GRAEOUS.

1008 211 1193 246 Γλαυκοθέα
1221 222 1249 251 1,
1269 222 1327 246 10.
1360 221 1396 255 4,
1414 221 1450 256 3.

1008 264 1138 310 Γοργίας
1170 265 1184 298 ὃ
1214 268 1371 304 Λεοντῖνος
1407 275 1490 309 104,
1519 275 1547 297 1.
1588 272 1673 309 105,
1695 272 1730 307 4.

1065 327 1152 363 113,
1173 325 1207 363 7.
1247 327 1330 361 124,
1347 315 1408 351 28.

1006 370 1119 416 γραφὴ
1139 370 1194 404 καὶ
1214 370 1283 412 δίκη
1302 370 1357 404 καὶ
1383 368 1507 404 εὔθυναι
1532 367 1733 416 διαφέρουσιν

1065 431 1099 467 7³
1115 433 1164 477 3'..

1008 478 1136 522 Δαρεῖος
1152 478 1253 519 Ὤχος
1277 485 1362 522 109,
1376 485 1441 519 30.

1009 529 1180 574 Δεινάρχου
1199 527 1284 572 ’Λόγοι
1304 527 1329 561 v‘
1350 525 1394 572 (ξ’
1409 527 1440 572 ?)
1463 537 1525 573 44,
1547 538 1604 573 19.

1008 581 1178 627 Δείναρχος
1197 590 1261 626 31,
1282 591 1340 614 21.

1062 637 1136 667 κατ’
1157 636 1423 680 Ἀριστογείτονος
1450 643 1533 672 100,
1554 631 1613 667 28.

1009 687 1149 730 δεκάζειν
1174 693 1236 733 25,
1253 696 1313 720 21.

1009 739 1169 773 Δεκέλεια
1189 737 1252 785 56,
1269 749 1305 785 5.

1009 793 1096 835 δῆθεν
1116 790 1266 836 μὲν-τὸ
1286 794 1310 826 δ’
1331 792 1448 834 ἀληθές
1474 803 1482 826 ι
1501 802 1557 831 11,
1577 801 1611 837 7.
1648 801 1661 824 1
1675 801 1733 836 13,

1067 854 1126 889 23.

1009 897 1186 942 Δημήτριος
1209 897 1291 942 (περὶ
1311 898 1527 942 Ἰσοκράτους)
1554 906 1640 943 105,
1660 896 1721 931 28.

1009 950 1185 996 Δημήτριος
1202 951 1215 983 ὃ
1234 950 1395 996 Φαληρεύς
1414 949 1451 989 6,
1471 961 1483 984 1
1500 961 1529 984 1.

1011 1002 1237 1048 Δημοκρατίας
1255 1001 1380 1049 imago
1406 1001 1465 1042 16,
1481 1014 1515 1049 5.

1011 1059 1071 1088 τῶν
1092 1055 1193 1098 δήμων
1214 1056 1385 1098 Κοθωκίδης
1410 1066 1443 1096 1,
1461 1066 1497 1100 4.
1526 1063 1564 1103 5,
1590 1066 1646 1090 [0.

1011 1108 1212 1151 Δημοσθένης
1227 1110 1380 1148 Βάταλος
1398 1108 1576 1152 ἐπικληθείς
1594 1118 1614 1153 3
1626 1119 1659 1151 2,
1680 1117 1735 1155 15.

1067 1171 1128 1206 23.

1011 1212 1226 1258 Δημοσθένους
1245 1213 1330 1259 λόγοι
1350 1210 1394 1248 οα’
1416 1224 1479 1259 44,
1497 1225 1556 1249 21.

1011 1267 1213 1310 Δημοσθένης
1248 1276 1304 1311 14,
1331 1277 1387 1302 10.
1419 1277 1479 1302 21.
1507 1277 1567 1315 17,
1590 1278 1626 1314 3.
1672 1279 1735 1312 41,

1067 1329 1085 1353 2
1097 1330 1110 1353 I
1120 1345 1127 1353 0

1065 1374 1139 1406 κατ’
1159 1374 1368 1419 Ἀνδροτίωνος
1392 1383 1477 1419 104,
1497 1384 1509 1408 1
1523 1383 1554 1408 1.

1064 1427 1090 1459 οἱ
1119 1425 1184 1471 περὶ
1207 1426 1264 1467 τὴν
1284 1426 1382 1460 οἰκίαν
1402 1427 1632 1473 Ἀπολλοδώρου
1652 1426 1737 1471 λόγοι

1118 1480 1170 1511 οὐκ
1188 1479 1427 1525 Ἀπολλοδώρου,
1450 1481 1542 1513 ἀλλὰ
1567 1480 1735 1525 Δημοσθέ-

1119 1545 1182 1570 νους
1203 1542 1265 1577 73,
1286 1542 1343 1565 10.

1065 1582 1140 1618 κατ’
1158 1585 1416 1631 Ἀριστοκράτους
1433 1594 1496 1629 31,
1516 1583 1573 1619 16.
1597 1584 1659 1631 85,
1675 1595 1736 1631 23.

1065 1637 1134 1683 πρὶς
1154 1637 1309 1679 Λεπτίνην
1332 1646 1393 1677 22,
1412 1647 1474 1672 20.

1065 1691 1155 1724 κατὰ
1175 1690 1303 1724 Μειδίου
1327 1698 1360 1736 7,
1380 1700 1413 1735 7.
1445 1689 1508 1736 36,
1533 1701 1588 1737 17.
1622 1700 1683 1736 70,
1701 1701 1735 1735 4.

1120 1751 1184 1789 97»
1204 1742 1237 1777 8-

1065 1796 1131 1841 περὶ
1169 1795 1430 1843 παραπρεσβείας
1466 1805 1526 1843 70,
1564 1808 1624 1842 24.
1677 1804 1736 1843 72,

1124 1847 1184 1882 16.
1218 1858 1279 1894 77,
1304 1847 1365 1883 28.
1399 1847 1460 1895 78,
1482 1860 1519 1895 9.
1549 1848 1612 1896 98,
1637 1849 1696 1884 28.

1067 1901 1133 1948 περὶ
1154 1903 1318 1948 στεφάνου
1338 1909 1374 1948 5,
1400 1910 1434 1947 7.

1066 1955 1157 1988 κατὰ
1175 1956 1387 2001 Τιμοκράτους
1409 1954 1470 2001 89,
1492 1962 1553 2002 15.
1584 1966 1647 2002 91,
1663 1965 1701 2000 3.

1067 2009 1098 2041 ἐν
1127 2010 1190 2047 τοῖς
1217 2010 1415 2048 Φιλιππικοῖς
1443 2018 1507 2053 34,
1535 2007 1572 2042 6.
1614 2016 1674 2055 73,
1702 2016 1737 2055 5.

1123 2068 1183 2106 75,
1204 2070 1263 2094 22.
1296 2058 1358 2100 80,
1381 2071 1438 2105 14.
1481 2072 1564 2102 100,
1586 2072 1617 2096 1.
1651 2071 1737 2102 120,

1121 2111 1157 2147 6.
1182 2111 1216 2147 8.

1066 2169 1262 2200 Φιλιππικῶν
1281 2166 1309 2208 77'
1329 2177 1392 2212 31,
1414 2178 1470 2212 14.

1065 2222 1262 2253 Φιλιππικῶν
1282 2220 1405 2264 δεκάτῳ
1427 2219 1487 2265 87,
1508 2230 1567 2254 21.

1012 2272 1228 2315 Δημοσθένους
1247 2268 1416 2317 ἐξηγηταί.

1066 2327 1104 2365 ὡς
1131 2321 1270 2370 ἔγνωμεν
1298 2327 1329 2359 ἐν
1363 2328 1422 2365 τοῖς
1441 2326 1682 2370 Δημοσθενικοῒς
1703 2334 1737 2371 5,

1125 2376 1184 2412 16.
1218 2377 1360 2424 79,16.
1391 2388 1455 2424 90,
1474 2388 1534 2412 22.

1066 2433 1104 2471 ὡς
1133 2427 1270 2475 ἔγνωμεν
1299 2433 1329 2465 ἐν
1357 2434 1402 2475 τῷ
1429 2433 1504 2465 κατ’
1534 2431 1739 2478 Ἀνδροτίωνος

1123 2482 1184 2544 83,
1199 2482 1236 2517 6.

1067 2537 1105 2575 ὡς
1123 2550 1241 2581 εγνωμε
1231 2551 1259 2570 ν
1279 2539 1310 2570 ἐν
1331 2550 1394 2576 τοις
1412 2538 1502 2570 κατὰ
1522 2535 1650 2570 Μειδίου
1674 2544 1737 2581 74,

1124 2596 1186 2633 25.

1066 2655 1204 2686 εγνωμεν
1224 2643 1255 2674 ἐν
1274 2644 1319 2685 τῷ
1338 2639 1410 2686 υπὲρ
1430 2642 1594 2688 στεφάνου
1615 2647 1651 2687 5,
1677 2651 1737 2675 21.

1124 2700 1183 2739 77,
1209 2703 1241 2727 2.
1275 2693 1336 2738 84,
1362 2691 1423 2728 18.
1457 2693 1519 2740 89,
1542 2692 1577 2728 8.

1067 2748 1104 2785 ὡς
1133 2760 1270 2791 εγνωμεν
1289 2748 1320 2781 ἐν
1343 2750 1389 2791 τῷ
1416 2747 1508 2781 κατὰ
1529 2746 1740 2793 Τιμοκράτους

1121 2808 1184 2845 94
1203 2809 1260 2844 29·

1065 2865 1203 2896 ε’γνωμεν
1222 2854 1252 2885 ἐν
1272 2866 1336 2892 τοις
1354 2854 1550 2892 Φιλιππικοις
1570 2850 1634 2898 96,
1654 2862 1712 2885 12.
