1929 3215
536 390 575 441 l.
657 391 698 442 1.
778 391 1224 444 RElSKIl

677 552 1074 598 PRAEFATIO

858 697 907 720 AD

309 808 685 861 SCHOLIA
767 809 861 860 IN
941 808 1450 861 AESCHINEM.

186 1178 334 1230 QUAE
355 1192 463 1218 nunc
490 1177 647 1232 primus
675 1178 752 1218 edo
773 1177 816 1217 in
837 1177 1086 1217 AEschinem
1109 1176 1286 1224 Scholia,
1309 1190 1335 1217 a
1362 1175 1503 1216 multis
1531 1175 1635 1216 desi—

127 1245 288 1294 derata,
310 1249 358 1285 ut
378 1244 461 1285 alia
481 1244 614 1285 multa
641 1243 798 1284 scilicet
819 1243 1112 1285 desiderantur
1131 1244 1186 1284 ab
1206 1242 1498 1297 ignorantibus
1519 1257 1638 1284 veras

126 1326 267 1352 rerum
290 1311 487 1360 rationes,
506 1307 536 1352 'a
557 1311 735 1366 Tayloro
757 1325 840 1352 non
861 1325 944 1351 uno
964 1311 1054 1351 loco
1074 1310 1247 1351 laudata
1268 1314 1311 1350 et
1332 1310 1636 1359 commendata,

128 1379 201 1420 sed
228 1378 317 1434 ipse
337 1392 412 1419 suo
433 1378 642 1432 praeconio
662 1377 787 1418 fidem
808 1377 948 1418 videat
970 1377 1040 1431 qui
1064 1377 1284 1431 approbet,
1307 1391 1433 1430 penes
1459 1391 1525 1416 me
1553 1374 1639 1429 qui-

129 1445 223 1486 dem
242 1459 326 1485 non
346 1445 486 1500 magni
507 1460 557 1486 ea
578 1445 700 1496 fiunt,
722 1450 765 1486 et
786 1459 885 1485 usus
906 1445 992 1499 ipse
1014 1444 1195 1493 docebit,
1217 1458 1283 1484 me
1309 1444 1421 1484 bona
1440 1442 1522 1482 fide
1547 1456 1640 1482 cum

127 1512 354 1553 lectoribus
382 1526 520 1567 agere,
543 1513 613 1567 qui
641 1526 800 1553 merces
830 1511 934 1553 satis
962 1511 1147 1553 triviales
1176 1510 1440 1552 mendacium
1470 1509 1639 1550 laudum

129 1579 415 1621 ostentatione
435 1579 650 1620 venditare
680 1579 869 1637 religioni
897 1578 999 1619 mihi
1029 1578 1206 1625 ducam;
1241 1592 1290 1618 ea
1310 1577 1439 1632 igitur
1461 1575 1638 1623 Scholia,

128 1648 238 1688 unde
269 1646 513 1701 acceperim,
535 1650 583 1687 ut
613 1661 666 1687 ex
696 1660 762 1686 me
792 1645 971 1686 lectores
1001 1645 1190 1699 accipere
1220 1644 1403 1698 cupient,
1423 1643 1484 1683 ita
1514 1656 1641 1696 opera

128 1714 230 1755 mihi
251 1715 391 1755 danda
411 1718 488 1763 est,
510 1718 559 1754 ut
581 1728 651 1754 eos
672 1713 797 1767 hujus
816 1712 877 1753 rei
899 1712 1099 1753 certiores
1119 1711 1286 1752 faciam.

189 1781 355 1822 Scholia
375 1781 464 1821 haec
485 1795 569 1821 non
589 1780 712 1820 unius
732 1780 928 1821 videntur
947 1778 1111 1834 generis
1142 1793 1244 1827 esse,
1268 1779 1340 1818 sed
1372 1777 1515 1817 scoriis
1545 1780 1643 1816 sunt

129 1863 236 1889 rarae
266 1847 481 1888 nobilioris
512 1847 668 1888 metalli
699 1846 816 1888 micae
847 1846 1115 1887 intermixtae.
1181 1845 1354 1885 Fundus
1383 1843 1642 1884 Scholiorum

129 1915 328 1969 antiquus
358 1920 401 1955 et
428 1915 631 1968 ingenuus
651 1914 796 1967 utique
826 1918 902 1961 est,
925 1913 999 1953 sed
1022 1911 1306 1952 Graeculorum
1327 1911 1407 1950 faex
1429 1924 1478 1950 ex
1501 1909 1643 1950 infima

129 1988 258 2024 aetate
278 1987 322 2023 et
342 1982 472 2022 classe
493 1979 563 2019 illa
584 1983 753 2019 vetusta
774 1979 896 2027 bona,
914 1977 1054 2032 magni
1076 1977 1227 2017 merito
1248 1991 1322 2017 suo
1343 1976 1543 2021 facienda,
1567 1976 1640 2016 sed

129 2063 264 2103 pauca
295 2061 480 2095 numero,
503 2051 593 2087 tam
623 2045 764 2086 multis
794 2045 914 2100 nugis
945 2045 1030 2085 suis
1061 2044 1214 2093 obruit,
1236 2048 1284 2084 ut
1305 2058 1378 2097 per
1398 2057 1464 2083 me
1495 2043 1529 2082 si
1557 2048 1640 2083 ste-

129 2116 263 2165 tisset,
284 2115 327 2155 in
347 2112 531 2156 tenebris
562 2117 605 2153 et
635 2112 798 2167 angulis
828 2111 1185 2160 bibliothecarum,
1210 2111 1358 2165 quibus
1383 2111 1438 2151 ad
1459 2110 1536 2150 hoc
1559 2109 1639 2149 diei

129 2184 335 2225 abstrusae
362 2182 596 2235 jacuerant,
627 2179 784 2220 diutius
814 2179 1118 2219 inveterascere
1151 2177 1349 2218 sivissem.
1410 2177 1508 2218 Alia
1536 2176 1642 2217 levia

130 2253 241 2297 sunt,
262 2248 345 2290 alia
364 2248 427 2289 vel
448 2247 587 2302 pueris
615 2250 729 2295 nota,
751 2245 833 2287 alia
854 2245 970 2295 falsa,
992 2244 1075 2286 alia
1105 2244 1279 2284 ridenda
1301 2248 1344 2284 et
1365 2242 1638 2296 explodenda,

128 2321 267 2359 totum
286 2330 405 2371 paene
425 2315 626 2356 ferculum
646 2314 940 2368 abjiciendum.
1002 2312 1152 2353 Nescio
1172 2326 1226 2352 an
1254 2310 1383 2351 insint
1408 2310 1508 2364 ipsis
1535 2310 1640 2350 adeo

130 2383 307 2424 Henrici
341 2381 546 2438 Stephani
581 2387 624 2422 et
655 2380 802 2422 Wolfii
833 2379 1084 2421 editionibus
1110 2378 1291 2433 juniora,
1322 2382 1365 2418 et
1394 2377 1503 2417 illinc
1534 2377 1640 2417 istuc

129 2452 349 2494 translata.
409 2451 521 2492 Aldo
543 2450 710 2504 quidem
726 2448 895 2503 juniora
915 2448 1062 2496 inesse,
1085 2446 1221 2486 nullus
1243 2445 1401 2486 dubito.
1466 2444 1550 2485 Cur
1569 2458 1639 2485 au-

130 2524 228 2569 tem,
250 2519 350 2570 aies,
371 2519 448 2559 viri
476 2517 601 2567 docti,
625 2530 758 2570 neque
788 2515 846 2555 illi
876 2515 1012 2555 obesae
1044 2513 1159 2554 naris
1189 2512 1388 2560 homines,
1412 2517 1454 2551 et
1477 2511 1638 2565 quibus,

130 2600 204 2627 cur
222 2586 413 2627 fraudem
433 2585 634 2632 facerent,
657 2583 713 2623 nil
735 2587 845 2623 esset
867 2595 1016 2629 causae,
1040 2580 1235 2621 certatim
1263 2579 1351 2619 haec
1380 2577 1536 2618 scholia
1557 2577 1637 2617 col-

129 2653 367 2694 laudarunt.
428 2651 638 2692 Differunt
665 2664 809 2690 sensus
839 2648 1055 2688 hominum
1081 2647 1192 2687 inter
1213 2660 1256 2686 se
1278 2643 1635 2699 quamplurimum,

130 2723 179 2760 ut
198 2719 350 2759 mirum
370 2719 487 2760 dictu
508 2719 574 2759 sit.
631 2717 722 2772 Ego
743 2721 882 2757 totum
902 2729 1020 2770 paene
1039 2728 1170 2769 genus
1193 2712 1519 2753 Scholiastarum
1540 2722 1636 2749 con-

131 2791 284 2835 temno,
307 2791 350 2827 et
379 2787 433 2827 ab
464 2799 608 2826 eorum
638 2783 813 2825 lectione
844 2786 938 2823 tota
966 2781 1052 2822 vita
1082 2779 1297 2828 abhorrui,
1328 2791 1431 2831 quos
1460 2774 1634 2815 ludima-

131 2854 301 2909 gistros,
335 2854 585 2902 blaterones,
622 2852 816 2899 infantes,
853 2863 993 2890 rerum
1032 2847 1300 2900 antiquarum
1339 2842 1553 2897 imperitos
1594 2845 1637 2881 et

871 2918 900 2961 b
