1893 3246
217 113 285 154 viii
759 107 1182 150 PRAEFATIO.

218 243 330 273 num
366 231 612 286 supersunt
636 225 880 270 duodecim
902 240 910 269 ε
949 237 1145 282 quorum
1171 226 1394 280 quattuor
1424 221 1604 280 pridem
1629 221 1723 265 edi-

219 305 277 348 tis
314 302 595 359 (orationum
633 312 674 360 5.
713 301 755 344 6.
796 300 837 344 8.
875 301 966 358 11.)
1008 304 1114 343 octo
1156 297 1334 355 reliqua
1374 297 1553 341 addidit
1594 295 1724 343 Mus-

219 378 416 438 toxydes
452 378 559 421 fasc.
592 392 629 419 1.
667 391 711 434 p.
735 390 760 419 2
766 386 809 434 5.
835 389 960 432 seqq.
987 373 1169 417 duobus
1201 387 1261 417 ex
1293 372 1541 427 codicibus,
1576 372 1723 417 altero

222 453 318 511 (R.)
344 467 425 497 suo
449 453 603 511 ipsius,
628 450 919 495 vitiosissime
955 449 1138 507 scripto,
1164 448 1239 492 cui
1271 447 1412 491 trium
1444 448 1602 492 insunt
1626 462 1724 492 ora-

220 529 400 573 tionum
427 532 490 587 (7.
516 543 586 587 13.
619 529 711 583 14.)
735 525 970 576 ὑποθέσεις,
1006 524 1153 569 altero
1191 523 1503 567 Laurentiano
1540 522 1620 576 N„
1644 524 1722 581 qui

221 604 467 648 duodecim
492 603 702 646 continet
725 601 985 645 orationum
1010 598 1319 658 Argumenta.
1391 597 1513 641 Mihi
1538 597 1724 642 utilissi-

220 692 324 722 mus
360 677 449 720 fuit
482 676 715 720 Parisinus
740 674 805 726 P„
831 689 890 719 ex
916 689 1008 732 quo
1036 687 1129 716 non
1164 672 1314 716 solum
1336 671 1449 715 vitia
1472 671 1603 729 plura
1625 686 1724 717 cor-

220 754 332 804 rexi,
370 752 450 797 sed
490 752 631 795 etiam
669 750 854 795 lacunas
893 749 938 792 in
981 747 1279 808 Argumento
1320 746 1538 791 orationis
1578 747 1725 792 unde-

221 830 352 873 cimae
385 827 536 872 adhuc
571 841 629 871 ne
665 825 1002 870 animadversas
1026 824 1215 882 quidem
1245 821 1443 881 explevi.
1502 822 1724 866 Ceterum

221 902 516 963 Argumenta
545 902 642 946 haec
682 901 740 946 ab
771 901 935 946 eodem
972 899 1275 960 grammatico
1308 899 1477 957 scripta
1510 912 1609 942 esse
1645 899 1723 956 qui

223 979 387 1024 Vitam
414 978 627 1023 Isocratis
650 977 830 1036 scripsit
852 982 1043 1036 apparet
1067 991 1128 1021 ex
1151 990 1194 1034 p.
1218 985 1321 1035 107,
1343 987 1416 1030 24.
1449 973 1551 1026 108,
1575 989 1591 1016 1
1609 988 1645 1017 1.

337 1232 579 1272 Scribebam
603 1230 762 1285 Lipsiae.
